@ARTICLE{njuthesis,
 title = {南京大学学士学位论文 LaTeX 模板},
 AUTHOR = {NJU-LUG},
 JOURNALTITLE = {Github},
 YEAR   = {2021}
}
@book{goossens93,
    author = "Frank Mittelbach and Michel Goossens  and Johannes Braams and David Carlisle  and Chris Rowley",
    title = "The {LaTeX} Companion",
    year = "1993",
    publisher = "Addison-Wesley",
    address = "Reading, Massachusetts"
}
@ARTICLE{segl03,
    AUTHOR  = "Segletes, S. B. AND Walters, W. P.",
    TITLE = {Extensions to the Exact Solution of the Long-Rod
                Penetration/Erosion Equations},
    JOURNAL = "IJIE",
    YEAR    = "2003",
    VOLUME  = "28",
    PAGES   = "363--376"
}
@book{qiujinhengetal2010,
	location = {北京},
	title = {物理化学实验},
	isbn = {7-04-029811-2},
	abstract = {本书由绪论、实验、基础知识与技术和附录四部分组成，其中35个实验涵盖了热力学、动力学、电化学、表面性质与胶体化学和结构化学等物理化学分支的内容；基础知识与技术主要介绍了本书实验涉及的实验方法和技术以及仪器的使用方法。},
	pagetotal = {326},
	publisher = {高等教育出版社},
	author = {{邱金恒} and {孙尔康} and {吴强}},
	date = {2010-09},
	langid = {pinyin},
}
