@ARTICLE{njuthesis,
 title={南京大学学士学位论文LaTex模板},
 AUTHOR = {NJU-LUG},
 JOURNALTITLE = {Github},
 YEAR   = {2021}
}