@article{a1,
   author = {{Bloch, Felix}},
   title = {\"Uber die quantenmechanik der elektronen in kristallgittern},
   journal = {Zeitschrift f\"ur Physik},
   volume = {52},
   number = {7-8},
   pages = {555-600},
   ISSN = {1434-6001},
   % DOI = {10.1007/bf01339455},
   year = {1929},
   type = {Journal Article}
}

@article{a2,
   author = {{Yablonovitch, Eli}},
   title = {Inhibited spontaneous emission in solid-state physics and electronics},
   journal = {Physical Review Letters},
   volume = {58},
   number = {20},
   pages = {2059-2062},
   ISSN = {0031-9007},
   % DOI = {10.1103/physrevlett.58.2059},
   year = {1987},
   type = {Journal Article}
}

@article{a3,
   author = {{Yablonovitch, E. and Gmitter, T. J.}},
   title = {Photonic band structure: The face-centered-cubic case},
   journal = {Physical Review Letters},
   volume = {63},
   number = {18},
   pages = {1950-1953},
   note = {PRL},
   % DOI = {10.1103/PhysRevLett.63.1950},
   % url = {https://link.aps.org/doi/10.1103/PhysRevLett.63.1950},
   year = {1989},
   type = {Journal Article}
}

@article{a4,
   author = {{Ho, K. M. and Chan, C. T. and Soukoulis, C. M.}},
   title = {Existence of a photonic gap in periodic dielectric structures},
   journal = {Physical Review Letters},
   volume = {65},
   number = {25},
   pages = {3152-3155},
   ISSN = {0031-9007},
   % DOI = {10.1103/physrevlett.65.3152},
   year = {1990},
   type = {Journal Article}
}

@article{a5,
   author = {{Leung, K. M. and Liu, Y. F.}},
   title = {Full vector wave calculation of photonic band structures in face-centered-cubic dielectric media},
   journal = {Physical Review Letters},
   volume = {65},
   number = {21},
   pages = {2646-2649},
   note = {PRL},
   % DOI = {10.1103/PhysRevLett.65.2646},
   % url = {https://link.aps.org/doi/10.1103/PhysRevLett.65.2646},
   year = {1990},
   type = {Journal Article}
}

%%%%%%%%%%%%%%%%%%%%%%%%%%%%%%%%%%%%%%%%%%%%%%%%%%%%%%%%%%%%%%%%%%%%%%%%%%%%%%%%%%%%%%%%
@article{b1,
   author = {{Kushwaha, M. S. and Halevi, P. and Dobrzynski, L. and Djafari-Rouhani, B.}},
   title = {Acoustic band structure of periodic elastic composites},
   journal = {Physical Review Letters},
   volume = {71},
   number = {13},
   pages = {2022-2025},
   note = {PRL},
   % DOI = {10.1103/PhysRevLett.71.2022},
   % url = {https://link.aps.org/doi/10.1103/PhysRevLett.71.2022},
   year = {1993},
   type = {Journal Article}
}

@article{b2,
   author = {{Kafesaki, M. and Sigalas, M.M. and Economou, E.N.}},
   title = {Elastic wave band gaps in 3-D periodic polymer matrix composites},
   journal = {Solid State Communications},
   volume = {96},
   number = {5},
   pages = {285-289},
   ISSN = {0038-1098},
   % DOI = {10.1016/0038-1098(95)00444-0},
   year = {1995},
   type = {Journal Article}
}

@article{b3,
   author = {{Martínez-Sala, R. and Sancho, J. and Sánchez, J. V. and Gómez, V. and Llinares, J. and Meseguer, F.}},
   title = {Sound attenuation by sculpture},
   journal = {Nature},
   volume = {378},
   number = {6554},
   pages = {241-241},
   ISSN = {1476-4687},
   % DOI = {10.1038/378241a0},
   % url = {https://doi.org/10.1038/378241a0},
   year = {1995},
   type = {Journal Article}
}

@article{b4,
   author = {{Liu, Z.}},
   title = {Locally Resonant Sonic Materials},
   journal = {Science},
   volume = {289},
   number = {5485},
   pages = {1734-1736},
   ISSN = {0036-8075},
   % DOI = {10.1126/science.289.5485.1734},
   year = {2000},
   type = {Journal Article}
}

%%%%%%%%%%%%%%%%%%%%%%%%%%%%%%%%%%%%%%%%%%%%
@article{c11,
   author = {{Fang, Nicholas and Xi, Dongjuan and Xu, Jianyi and Ambati, Muralidhar and Srituravanich, Werayut and Sun, Cheng and Zhang, Xiang}},
   title = {Ultrasonic metamaterials with negative modulus},
   journal = {Nature materials},
   volume = {5},
   number = {6},
   pages = {452-456},
   ISSN = {1476-1122},
   year = {2006},
   type = {Journal Article}
}

@article{c12,
   author = {{Yang, Zhiyu and Mei, Jun and Yang, Min and Chan, NH and Sheng, Ping}},
   title = {Membrane-type acoustic metamaterial with negative dynamic mass},
   journal = {Physical review letters},
   volume = {101},
   number = {20},
   pages = {204301},
   ISSN = {1079-7114},
   year = {2008},
   type = {Journal Article}
}

@article{c13,
   author = {{Lee, Sam Hyeon and Park, Choon Mahn and Seo, Yong Mun and Wang, Zhi Guo and Kim, Chul Koo}},
   title = {Acoustic metamaterial with negative modulus},
   journal = {Journal of Physics: Condensed Matter},
   volume = {21},
   number = {17},
   pages = {175704},
   ISSN = {0953-8984},
   year = {2009},
   type = {Journal Article}
}

@article{c14,
   author = {{Liang, Zixian and Li, Jensen}},
   title = {Extreme acoustic metamaterial by coiling up space},
   journal = {Physical review letters},
   volume = {108},
   number = {11},
   pages = {114301},
   ISSN = {1079-7114},
   year = {2012},
   type = {Journal Article}
}

@article{c15,
   author = {{Fleury, Romain and Alù, Andrea}},
   title = {Extraordinary sound transmission through density-near-zero ultranarrow channels},
   journal = {Physical review letters},
   volume = {111},
   number = {5},
   pages = {055501},
   ISSN = {1079-7114},
   year = {2013},
   type = {Journal Article}
}

@article{c16,
   author = {{Graciá-Salgado, Rogelio and García-Chocano, Victor M and Torrent, Daniel and Sánchez-Dehesa, José}},
   title = {Negative mass density and ρ-near-zero quasi-two-dimensional metamaterials: Design and applications},
   journal = {Physical Review B},
   volume = {88},
   number = {22},
   pages = {224305},
   ISSN = {1098-0121},
   year = {2013},
   type = {Journal Article}
}

@article{c17,
   author = {{Liang, Zixian and Feng, Tianhua and Lok, Shukin and Liu, Fu and Ng, Kung Bo and Chan, Chi Hou and Wang, Jinjin and Han, Seunghoon and Lee, Sangyoon and Li, Jensen}},
   title = {Space-coiling metamaterials with double negativity and conical dispersion},
   journal = {Scientific reports},
   volume = {3},
   number = {1},
   pages = {1614},
   ISSN = {2045-2322},
   year = {2013},
   type = {Journal Article}
}

@article{c18,
   author = {{Xie, Yangbo and Popa, Bogdan-Ioan and Zigoneanu, Lucian and Cummer, Steven A}},
   title = {Measurement of a broadband negative index with space-coiling acoustic metamaterials},
   journal = {Physical review letters},
   volume = {110},
   number = {17},
   pages = {175501},
   ISSN = {1079-7114},
   year = {2013},
   type = {Journal Article}
}

%%%%%%%%%%%%%%%%%%%%%%%%%%%%%%%%%%%%%%%%%%%%
@article{c21,
   author = {{Qiu, Chunyin and Liu, Zhengyou}},
   title = {Acoustic directional radiation and enhancement caused by band-edge states of two-dimensional phononic crystals},
   journal = {Applied Physics Letters},
   volume = {89},
   number = {6},
   pages = {063106},
   ISSN = {0003-6951},
   % DOI = {10.1063/1.2335975},
   year = {2006},
   type = {Journal Article}
}

@article{c22,
   author = {{Lu, Ming-Hui and Liu, Xiao-Kang and Feng, Liang and Li, Jian and Huang, Cheng-Ping and Chen, Yan-Feng and Zhu, Yong-Yuan and Zhu, Shi-Ning and Ming, Nai-Ben}},
   title = {Extraordinary Acoustic Transmission through a 1D Grating with Very Narrow Apertures},
   journal = {Physical Review Letters},
   volume = {99},
   number = {17},
   ISSN = {0031-9007},
   % DOI = {10.1103/physrevlett.99.174301},
   year = {2007},
   type = {Journal Article}
}

@article{c23,
   author = {{Cheng, Y. and Xu, J. Y. and Liu, X. J.}},
   title = {One-dimensional structured ultrasonic metamaterials with simultaneously negative dynamic density and modulus},
   journal = {Physical Review B},
   volume = {77},
   number = {4},
   ISSN = {1098-0121},
   % DOI = {10.1103/physrevb.77.045134},
   year = {2008},
   type = {Journal Article}
}

@article{c24,
   author = {{Christensen, J. and Martin-Moreno, L. and Garcia-Vidal, F. J.}},
   title = {Theory of Resonant Acoustic Transmission through Subwavelength Apertures},
   journal = {Physical Review Letters},
   volume = {101},
   number = {1},
   ISSN = {0031-9007},
   % DOI = {10.1103/physrevlett.101.014301},
   year = {2008},
   type = {Journal Article}
}

@article{c25,
   author = {{Wang, Xinlong}},
   title = {Theory of resonant sound transmission through small apertures on periodically perforated slabs},
   journal = {Journal of Applied Physics},
   volume = {108},
   number = {6},
   pages = {064903},
   ISSN = {0021-8979},
   % DOI = {10.1063/1.3481434},
   year = {2010},
   type = {Journal Article}
}

@article{c26,
   author = {{Zhou, Yu and Lu, Ming-Hui and Feng, Liang and Ni, Xu and Chen, Yan-Feng and Zhu, Yong-Yuan and Zhu, Shi-Ning and Ming, Nai-Ben}},
   title = {Acoustic Surface Evanescent Wave and its Dominant Contribution to Extraordinary Acoustic Transmission and Collimation of Sound},
   journal = {Physical Review Letters},
   volume = {104},
   number = {16},
   ISSN = {0031-9007},
   % DOI = {10.1103/physrevlett.104.164301},
   year = {2010},
   type = {Journal Article}
}

@article{c27,
   author = {{Quan, Li and Zhong, Xu and Liu, Xiaozhou and Gong, Xiufen and Johnson, Paul A.}},
   title = {Effective impedance boundary optimization and its contribution to dipole radiation and radiation pattern control},
   journal = {Nature Communications},
   volume = {5},
   number = {1},
   ISSN = {2041-1723},
   % DOI = {10.1038/ncomms4188},
   % url = {https://www.nature.com/articles/ncomms4188.pdf},
   year = {2014},
   type = {Journal Article}
}

@article{c28,
   author = {{Wu, Li Ting and Song, Gang Yong and Cao, Wen Kang and Cheng, Qiang and Cui, Tie Jun and Jing, Yun}},
   title = {Generation of multiband spoof surface acoustic waves via high-order modes},
   journal = {Physical Review B},
   volume = {97},
   number = {21},
   ISSN = {2469-9950},
   % DOI = {10.1103/physrevb.97.214305},
   year = {2018},
   type = {Journal Article}
}

@article{c29,
   author = {{Gao, Shuxiang and Li, Yunbo and Ma, Chengrong and Cheng, Ying and Liu, Xiaojun}},
   title = {Emitting long-distance spiral airborne sound using low-profile planar acoustic antenna},
   journal = {Nature Communications},
   volume = {12},
   number = {1},
   ISSN = {2041-1723},
   % DOI = {10.1038/s41467-021-22325-7},
   year = {2021},
   type = {Journal Article}
}

@article{c210,
   author = {{Zhu, Xiaohui and Shen, Chen}},
   title = {An acoustic metamaterial with space-time modulated densitya)},
   journal = {The Journal of the Acoustical Society of America},
   volume = {156},
   number = {6},
   pages = {3984-3991},
   ISSN = {0001-4966},
   % DOI = {10.1121/10.0034634},
   % url = {https://doi.org/10.1121/10.0034634},
   year = {2024},
   type = {Journal Article}
}

@article{c211,
   author = {{Fu, Wen-Xiao and Dong, Hao-Wen and Wang, Yue-Sheng}},
   title = {Collaborative non-local topology optimization of gradient acoustic metasurfaces for broadband extreme reflection modulation},
   journal = {The Journal of the Acoustical Society of America},
   volume = {157},
   number = {2},
   pages = {1252-1260},
   ISSN = {0001-4966},
   % DOI = {10.1121/10.0035880},
   % url = {https://doi.org/10.1121/10.0035880},
   year = {2025},
   type = {Journal Article}
}

@article{c212,
   author = {{Longo, Giacomo and Gonzalez, Sebastian and Dalisay, Jon Dewitt Enriquez and Nania, Thomas and Antonacci, Fabio}},
   title = {Influence of thickness profile and bracing pattern in the radiation patterns of archtop guitars},
   journal = {The Journal of the Acoustical Society of America},
   volume = {157},
   number = {2},
   pages = {1141-1150},
   ISSN = {0001-4966},
   % DOI = {10.1121/10.0035805},
   % url = {https://doi.org/10.1121/10.0035805},
   year = {2025},
   type = {Journal Article}
}




%%%%%%%%%%%%%%%%%%%%%%%%%%%%%%%%%%%%%%%%%%%%
@article{c31,
   author = {{Ambati, Muralidhar and Fang, Nicholas and Sun, Cheng and Zhang, Xiang}},
   title = {Surface resonant states and superlensing in acoustic metamaterials},
   journal = {Physical Review B—Condensed Matter and Materials Physics},
   volume = {75},
   number = {19},
   pages = {195447},
   ISSN = {1550-235X},
   year = {2007},
   type = {Journal Article}
}

@article{c32,
   author = {{Ambati, Muralidhar and Fang, Nicholas and Sun, Cheng and Zhang, Xiang}},
   title = {Surface resonant states and superlensing in acoustic metamaterials},
   journal = {Physical Review B—Condensed Matter and Materials Physics},
   volume = {75},
   number = {19},
   pages = {195447},
   ISSN = {1550-235X},
   year = {2007},
   type = {Journal Article}
}

@article{c33,
   author = {{Ao, Xianyu and Chan, Che Ting}},
   title = {Far-field image magnification for acoustic waves using anisotropic acoustic metamaterials},
   journal = {Physical Review E—Statistical, Nonlinear, and Soft Matter Physics},
   volume = {77},
   number = {2},
   pages = {025601},
   ISSN = {1550-2376},
   year = {2008},
   type = {Journal Article}
}

@article{c34,
   author = {{Deng, Ke and Ding, Yiqun and He, Zhaojian and Zhao, Heping and Shi, Jing and Liu, Zhengyou}},
   title = {Theoretical study of subwavelength imaging by acoustic metamaterial slabs},
   journal = {Journal of Applied Physics},
   volume = {105},
   number = {12},
   ISSN = {0021-8979},
   year = {2009},
   type = {Journal Article}
}

@article{c35,
   author = {{Li, Jensen and Fok, Lee and Yin, Xiaobo and Bartal, Guy and Zhang, Xiang}},
   title = {Experimental demonstration of an acoustic magnifying hyperlens},
   journal = {Nature materials},
   volume = {8},
   number = {12},
   pages = {931-934},
   ISSN = {1476-1122},
   year = {2009},
   type = {Journal Article}
}

@article{c36,
   author = {{Jia, Han and Ke, Manzhu and Hao, Rui and Ye, Yangtao and Liu, Fengming and Liu, Zhengyou}},
   title = {Subwavelength imaging by a simple planar acoustic superlens},
   journal = {Applied Physics Letters},
   volume = {97},
   number = {17},
   ISSN = {0003-6951},
   year = {2010},
   type = {Journal Article}
}

@article{c37,
   author = {{Park, Choon Mahn and Park, Jong Jin and Lee, Seung Hwan and Seo, Yong Mun and Kim, Chul Koo and Lee, Sam H}},
   title = {Amplification of acoustic evanescent waves using metamaterial slabs},
   journal = {Physical review letters},
   volume = {107},
   number = {19},
   pages = {194301},
   ISSN = {1079-7114},
   year = {2011},
   type = {Journal Article}
}

@article{c38,
   author = {{Kaina, Nadège and Lemoult, Fabrice and Fink, Mathias and Lerosey, Geoffroy}},
   title = {Negative refractive index and acoustic superlens from multiple scattering in single negative metamaterials},
   journal = {Nature},
   volume = {525},
   number = {7567},
   pages = {77-81},
   ISSN = {0028-0836},
   year = {2015},
   type = {Journal Article}
}

@article{c39,
   author = {{Park, Jong Jin and Park, Choon Mahn and Lee, KJB and Lee, Sam H}},
   title = {Acoustic superlens using membrane-based metamaterials},
   journal = {Applied Physics Letters},
   volume = {106},
   number = {5},
   ISSN = {0003-6951},
   year = {2015},
   type = {Journal Article}
}

@article{c310,
   author = {{Dasila, S. and Krishnamurthy, C. V. and Subramanian, V.}},
   title = {Acoustic Bessel-like beam generation using phononic crystals},
   journal = {Journal of Applied Physics},
   volume = {135},
   number = {2},
   ISSN = {0021-8979},
   % DOI = {10.1063/5.0182429},
   year = {2024},
   type = {Journal Article}
}

@article{c311,
   author = {{Liu, F. Y. and Wang, F. J. and Zhao, S. D.}},
   title = {Negative elastic wave refraction and focusing regulation of single-phase solid phononic crystals},
   journal = {Journal of Applied Physics},
   volume = {135},
   number = {16},
   ISSN = {0021-8979},
   %DOI = {10.1063/5.0202548},
   %url = {<Go to ISI>://WOS:001215967400010},
   year = {2024},
   type = {Journal Article}
}

@article{c312,
   author = {{Pundir, A. and Gupta, A. and Nag, S.}},
   title = {Multi-functional programmable active acoustic meta-device: acoustic switch, lens, and barrier},
   journal = {Scientific Reports},
   volume = {14},
   number = {1},
   ISSN = {2045-2322},
   % DOI = {10.1038/s41598-024-71737-0},
   % url = {<Go to ISI>://WOS:001341486300044},
   year = {2024},
   type = {Journal Article}
}

@article{c313,
   author = {{Ma, M. and Gao, H. and Guo, X. Z. and Su, Z. Q.}},
   title = {Reconfigurable ultrasound focusing effect through acoustic barriers},
   journal = {Ultrasonics},
   volume = {145},
   ISSN = {0041-624X},
   % DOI = {10.1016/j.ultras.2024.107470},
   % url = {<Go to ISI>://WOS:001322144200001},
   year = {2025},
   type = {Journal Article}
}

@article{c314,
   author = {{Sun, J. Y. and Chronopoulos, D.}},
   title = {Super-resolution imaging with elastic waves: A review of superlenses, hyperlenses, and metalenses},
   journal = {Materials Science & Engineering R-Reports},
   volume = {163},
   ISSN = {0927-796X},
   % DOI = {10.1016/j.mser.2025.100935},
   % url = {<Go to ISI>://WOS:001420676200001},
   year = {2025},
   type = {Journal Article}
}

%%%%%%%%%%%%%%%%%%%%%%%%%%%%%%%%%%%%%%%%%%%%
@article{c41,
   author = {{Zhou, Xiaoming and Hu, Gengkai and Lu, Tianjian}},
   title = {Elastic wave transparency of a solid sphere coated with metamaterials},
   journal = {Physical Review B},
   volume = {77},
   number = {2},
   pages = {024101},
   ISSN = {1550-235X},
   year = {2008},
   type = {Journal Article}
}

@article{c42,
   author = {{Guild, Matthew D and Alu, Andrea and Haberman, Michael R}},
   title = {Cancellation of acoustic scattering from an elastic sphere},
   journal = {The Journal of the Acoustical Society of America},
   volume = {129},
   number = {3},
   pages = {1355-1365},
   ISSN = {0001-4966},
   year = {2011},
   type = {Journal Article}
}

@article{c43,
   author = {{Guild, Matthew D and Haberman, Michael R and Alù, Andrea}},
   title = {Plasmonic-type acoustic cloak made of a bilaminate shell},
   journal = {Physical Review B},
   volume = {86},
   number = {10},
   pages = {104302},
   ISSN = {1550-235X},
   year = {2012},
   type = {Journal Article}
}

@article{c44,
   author = {{Li, Pei and Chen, Xuebing and Zhou, Xiaoming and Hu, Gengkai and Xiang, Ping}},
   title = {Acoustic cloak constructed with thin-plate metamaterials},
   journal = {International Journal of Smart and Nano Materials},
   volume = {6},
   number = {1},
   pages = {73-83},
   ISSN = {1947-5411},
   year = {2015},
   type = {Journal Article}
}

@misc{c45,
   author = {{Dong, J. Z. and Tian, P. Y. and Publishing, I. O. P.}},
   title = {Review of underwater sound absorption materials},
   volume = {508},
   ISBN = {1755-1307},
   % DOI = {10.1088/1755-1315/508/1/012182},
   year = {2020},
   type = {Conference Paper}
}

@article{c46,
   author = {{Xu, Weilong and Peng, Weicai and Zhang, Junjie and He, Xuesong}},
   title = {Prospects of acoustic metamaterials for acoustic stealth},
   journal = {Chinese Journal of Ship Research},
   volume = {15},
   number = {4},
   pages = {19-27,35},
   year = {2020},
   type = {Journal Article}
}

%%%%%%%%%%%%%%%%%%%%%%%%%%%%%%%%%%%%%%%%%%%%
@article{c51,
   author = {{Ealo, J. L. and Prieto, J. C. and Seco, F.}},
   title = {Airborne Ultrasonic Vortex Generation Using Flexible Ferroelectrets},
   journal = {IEEE Transactions On Ultrasonics Ferroelectrics And Frequency Control},
   volume = {58},
   number = {8},
   pages = {1651-1657},
   ISSN = {0885-3010},
   % DOI = {10.1109/TUFFC.2011.1992},
   year = {2011},
   type = {Journal Article}
}

@article{c52,
   author = {{Anhäuser, A. and Wunenburger, R. and Brasselet, E.}},
   title = {Acoustic Rotational Manipulation Using Orbital Angular Momentum Transfer},
   journal = {Physical Review Letters},
   volume = {109},
   number = {3},
   ISSN = {0031-9007
1079-7114},
   % DOI = {10.1103/PhysRevLett.109.034301},
   year = {2012},
   type = {Journal Article}
}

@article{c53,
   author = {{Baudoin, M. and Gerbedoen, J. C. and Riaud, A. and Matar, O. B. and Smagin, N. and Thomas, J. L.}},
   title = {Folding a focalized acoustical vortex on a flat holographic transducer: Miniaturized selective acoustical tweezers},
   journal = {Science Advances},
   volume = {5},
   number = {4},
   ISSN = {2375-2548},
   % DOI = {10.1126/sciadv.aav1967},
   year = {2019},
   type = {Journal Article}
}

@article{c54,
   author = {{Guo, Z. Y. and Liu, H. J. and Zhou, H. and Zhou, K. Y. and Wang, S. M. and Shen, F. and Gong, Y. B. and Gao, J. and Liu, S. T. and Guo, K.}},
   title = {High-order acoustic vortex field generation based on a metasurface},
   journal = {Physical Review E},
   volume = {100},
   number = {5},
   ISSN = {2470-0045
2470-0053},
   % DOI = {10.1103/PhysRevE.100.053315},
   year = {2019},
   type = {Journal Article}
}

@inbook{c55,
   author = {{Baudoin, M. and Thomas, J. L.}},
   title = {Acoustic Tweezers for Particle and Fluid Micromanipulation},
   booktitle = {Annual Review Of Fluid Mechanics},
   editor = {Davis, S. H. and Moin, P.},
   volume = {52},
   pages = {205-234},
   % ISBN = {0066-41891545-4479978-0-8243-0752-3},
   % DOI = {10.1146/annurev-fluid-010719-060154},
   year = {2020},
   type = {Book Section}
}

@article{c56,
   author = {{Chen, R. and Zhou, H. and Moretti, M. and Wang, X. D. and Li, J. D.}},
   title = {Orbital Angular Momentum Waves: Generation, Detection, and Emerging Applications},
   journal = {IEEE Communications Surveys And Tutorials},
   volume = {22},
   number = {2},
   pages = {840-868},
   ISSN = {1553-877X},
   % DOI = {10.1109/COMST.2019.2952453},
   year = {2020},
   type = {Journal Article}
}

@article{c57,
   author = {{Fan, S. W. and Wang, Y. F. and Cao, L. Y. and Zhu, Y. F. and Chen, A. L. and Vincent, B. and Assouar, B. and Wang, Y. S.}},
   title = {Acoustic vortices with high-order orbital angular momentum by a continuously tunable metasurface},
   journal = {Applied Physics Letters},
   volume = {116},
   number = {16},
   ISSN = {0003-6951
1077-3118},
   % DOI = {10.1063/5.0007351},
   year = {2020},
   type = {Journal Article}
}

@article{c58,
   author = {{Fu, Y. Y. and Shen, C. and Zhu, X. H. and Li, J. F. and Liu, Y. W. and Cummer, S. A. and Xu, Y. D.}},
   title = {Sound vortex diffraction via topological charge in phase gradient metagratings},
   journal = {Science Advances},
   volume = {6},
   number = {40},
   ISSN = {2375-2548},
   % DOI = {10.1126/sciadv.aba9876},
   year = {2020},
   type = {Journal Article}
}

@article{c59,
   author = {{Quan, Jiaqi and Xu, Lin and Fu, Yangyang and Gao, Lei and Chen, Huanyang and Xu, Yadong}},
   title = {Integer multi-wavelength gradient phase metagrating for perfect refraction: Phase choice freedom in supercella},
   journal = {The Journal of the Acoustical Society of America},
   volume = {156},
   number = {5},
   pages = {2982-2988},
   ISSN = {0001-4966},
   % DOI = {10.1121/10.0034239},
   % url = {https://doi.org/10.1121/10.0034239},
   year = {2024},
   type = {Journal Article}
}

@article{c510,
   author = {{Tang, Yugan and Xie, Boyang and Liu, Hui and Zhang, Ya and Cheng, Hua and Chen, Shuqi}},
   title = {Mirror Symmetry Broken of Sound Vortex Transmission in a Single Passive Metasurface via Phase Coupling},
   journal = {Physical Review Letters},
   volume = {132},
   number = {17},
   pages = {177001},
   note = {PRL},
   % DOI = {10.1103/PhysRevLett.132.177001},
   % url = {https://link.aps.org/doi/10.1103/PhysRevLett.132.177001},
   year = {2024},
   type = {Journal Article}
}

@article{c511,
   author = {{Zou, Hong-yu and Qian, Jiao and Xia, Jianping and Gu, Shuai and Lu, Yu-jing and Ge, Yong and Yuan, Shou-qi and Chen, Hongsheng and Sun, Hong-xiang and Yang, Yihao and Zhang, Baile}},
   title = {Refraction/reflection reversal in two-dimensional acoustic metagratingsa},
   journal = {The Journal of the Acoustical Society of America},
   volume = {156},
   number = {3},
   pages = {1920-1928},
   ISSN = {0001-4966},
   % DOI = {10.1121/10.0028524},
   % url = {https://doi.org/10.1121/10.0028524},
   year = {2024},
   type = {Journal Article}
}

@article{c512,
   author = {{Li, Xiao and Dong, Daxing and Zhang, Kun and Chen, Changdong and Liu, Youwen and Xu, Yadong and Fu, Yangyang}},
   title = {Generation of acoustic vortices in arbitrary space via asymmetric orbital-angular-momentum transition},
   journal = {Physical Review Applied},
   volume = {23},
   number = {2},
   pages = {024022},
   % DOI = {10.1103/PhysRevApplied.23.024022},
   % url = {https://link.aps.org/doi/10.1103/PhysRevApplied.23.024022},
   year = {2025},
   type = {Journal Article}
}


%%%%%%%%%%%%%%%%%%%%%%%%%%%%%%%%%%%%%%%%%%%%
@article{c61,
   author = {{Li, N. B. and Ren, J.}},
   title = {Non-Reciprocal Geometric Wave Diode by Engineering Asymmetric Shapes of Nonlinear Materials},
   journal = {Scientific Reports},
   volume = {4},
   ISSN = {2045-2322},
   % DOI = {10.1038/srep06228},
   % url = {<Go to ISI>://WOS:000341023000001},
   year = {2014},
   type = {Journal Article}
}

@article{c62,
   author = {{Popa, Bogdan-Ioan and Cummer, Steven A.}},
   title = {Non-reciprocal and highly nonlinear active acoustic metamaterials},
   journal = {Nature Communications},
   volume = {5},
   number = {1},
   ISSN = {2041-1723},
   % DOI = {10.1038/ncomms4398},
   % url = {https://www.nature.com/articles/ncomms4398.pdf},
   year = {2014},
   type = {Journal Article}
}

@article{c63,
   author = {{Wang, Xu and Fang, Xinsheng and Mao, Dongxing and Jing, Yun and Li, Yong}},
   title = {Extremely Asymmetrical Acoustic Metasurface Mirror at the Exceptional Point},
   journal = {Physical Review Letters},
   volume = {123},
   number = {21},
   ISSN = {0031-9007},
   % DOI = {10.1103/physrevlett.123.214302},
   year = {2019},
   type = {Journal Article}
}

@article{c64,
   author = {{Nassar, Hussein and Yousefzadeh, Behrooz and Fleury, Romain and Ruzzene, Massimo and Alù, Andrea and Daraio, Chiara and Norris, Andrew N. and Huang, Guoliang and Haberman, Michael R.}},
   title = {Nonreciprocity in acoustic and elastic materials},
   journal = {Nature Reviews Materials},
   volume = {5},
   number = {9},
   pages = {667-685},
   ISSN = {2058-8437},
   % DOI = {10.1038/s41578-020-0206-0},
   year = {2020},
   type = {Journal Article}
}

@article{c65,
   author = {{Lu, Zhaocheng and Norris, Andrew N.}},
   title = {Nonreciprocal and directional wave propagation in a two-dimensional lattice with bilinear properties},
   journal = {Nonlinear Dynamics},
   volume = {106},
   number = {3},
   pages = {2449-2463},
   ISSN = {0924-090X},
   % DOI = {10.1007/s11071-021-06890-6},
   year = {2021},
   type = {Journal Article}
}

@article{c66,
   author = {{Rasmussen, Curtis and Quan, Li and Alù, Andrea}},
   title = {Acoustic nonreciprocity},
   journal = {Journal of Applied Physics},
   volume = {129},
   number = {21},
   pages = {210903},
   ISSN = {0021-8979},
   % DOI = {10.1063/5.0050775},
   year = {2021},
   type = {Journal Article}
}

@article{c67,
   author = {{Xiao, Hanjie and Zhang, Chuanxin and Li, Ying and Ta, Dean and Jiang, Xue}},
   title = {Acoustic logic networks realized with non-Hermitian and nonlocal metagratings},
   journal = {Physical Review Applied},
   volume = {22},
   number = {2},
   pages = {024048},
   %DOI = {10.1103/PhysRevApplied.22.024048},
   %url = {https://link.aps.org/doi/10.1103/PhysRevApplied.22.024048},
   year = {2024},
   type = {Journal Article}
}



%%%%%%%%%%%%%%%%%%%%%%%%%%%%%%%%%%%%%%%%%%%%
@article{c71,
   author = {{Bowyer, E. P. and Krylov, V. V.}},
   title = {Damping of flexural vibrations in turbofan blades using the acoustic black hole effect},
   journal = {Applied Acoustics},
   volume = {76},
   pages = {359-365},
   ISSN = {0003-682X},
   % DOI = {10.1016/j.apacoust.2013.09.009},
   % url = {<Go to ISI>://WOS:000328588900038},
   year = {2014},
   type = {Journal Article}
}

@article{c72,
   author = {{Bowyer, E. P. and Krylov, V. V.}},
   title = {Experimental investigation of damping flexural vibrations in glass fibre composite plates containing one- and two-dimensional acoustic black holes},
   journal = {Composite Structures},
   volume = {107},
   pages = {406-415},
   ISSN = {0263-8223},
   % DOI = {10.1016/j.compstruct.2013.08.011},
   % url = {<Go to ISI>://WOS:000330493700037},
   year = {2014},
   type = {Journal Article}
}

@article{c73,
   author = {{Conlon, S. C. and Fahnline, J. B. and Semperlotti, F.}},
   title = {Numerical analysis of the vibroacoustic properties of plates with embedded grids of acoustic black holes},
   journal = {Journal of the Acoustical Society of America},
   volume = {137},
   number = {1},
   pages = {447-457},
   ISSN = {0001-4966},
   % DOI = {10.1121/1.4904501},
   % url = {<Go to ISI>://WOS:000348369000061},
   year = {2015},
   type = {Journal Article}
}

@article{c74,
   author = {{Bowyer, E. P. and Krylov, V. V.}},
   title = {Slots of Power-Law Profile as Acoustic Black Holes for Flexural Waves in Metallic and Composite Plates},
   journal = {Structures},
   volume = {6},
   pages = {48-58},
   ISSN = {2352-0124},
   % DOI = {10.1016/j.istruc.2016.02.002},
   % url = {<Go to ISI>://WOS:000377117200006},
   year = {2016},
   type = {Journal Article}
}

@article{c75,
   author = {{Chong, B. M. P. and Bin Tan, L. and Lim, K. M. and Lee, H. P.}},
   title = {A Review on Acoustic Black-Holes (ABH) and the Experimental and Numerical Study of ABH-Featured 3D Printed Beams},
   journal = {International Journal of Applied Mechanics},
   volume = {9},
   number = {6},
   ISSN = {1758-8251},
   % DOI = {10.1142/s1758825117500788},
   % url = {<Go to ISI>://WOS:000412660700002},
   year = {2017},
   type = {Journal Article}
}

@article{c76,
   author = {{Conlon, S. C. and Feurtado, P. A.}},
   title = {Progressive phase trends in plates with embedded acoustic black holes},
   journal = {Journal of the Acoustical Society of America},
   volume = {143},
   number = {2},
   pages = {921-930},
   note = {Conlon, Stephen C. Feurtado, Philip A.
1520-8524},
   ISSN = {0001-4966},
   % DOI = {10.1121/1.5024235},
   % url = {<Go to ISI>://WOS:000424994000041},
   year = {2018},
   type = {Journal Article}
}

@article{c77,
   author = {{Karlos, Angelis and Hook, Kristian and Cheer, Jordan}},
   title = {Enhanced absorption with multiple quadratically tapered elastic wedges of different lengths terminating a uniform beam},
   journal = {Journal of Sound and Vibration},
   volume = {531},
   pages = {116981},
   ISSN = {0022-460X},
   % DOI = {https://doi.org/10.1016/j.jsv.2022.116981},
   % url = {https://www.sciencedirect.com/science/article/pii/S0022460X22002048},
   year = {2022},
   type = {Journal Article}
}

@article{c78,
   author = {{He, Cang and Zhang, Fang and Lim, Kian Meng and Jiang, Jinhui and Zhao, Jiamin}},
   title = {Wave attenuation of a laminated acoustic black hole array in a load-bearing beam structure},
   journal = {Thin-Walled Structures},
   volume = {188},
   pages = {110821},
   ISSN = {0263-8231},
   % DOI = {https://doi.org/10.1016/j.tws.2023.110821},
   % url = {https://www.sciencedirect.com/science/article/pii/S0263823123002999},
   year = {2023},
   type = {Journal Article}
}

@article{c79,
   author = {{Li, Sihui and Xia, Jiajun and Yu, Xiang and Zhang, Xiaoqi and Cheng, Li}},
   title = {A sonic black hole structure with perforated boundary for slow wave generation},
   journal = {Journal of Sound and Vibration},
   volume = {559},
   pages = {117781},
   ISSN = {0022-460X},
   % DOI = {https://doi.org/10.1016/j.jsv.2023.117781},
   % url = {https://www.sciencedirect.com/science/article/pii/S0022460X23002304},
   year = {2023},
   type = {Journal Article}
}



@article{c710,
   author = {{Mousavi, Abbas and Berggren, Martin and Hägg, Linus and Wadbro, Eddie}},
   title = {Topology optimization of a waveguide acoustic black hole for enhanced wave focusing},
   journal = {The Journal of the Acoustical Society of America},
   volume = {155},
   number = {1},
   pages = {742-756},
   ISSN = {0001-4966},
   % DOI = {10.1121/10.0024470},
   year = {2024},
   type = {Journal Article}
}



%%%%%%%%%%%%%%%%%%%%%%%%%%%%%%%%%%%%%%%%%%%%
@article{c81,
   author = {{Yang, Min and Ma, Guancong and Wu, Ying and Yang, Zhiyu and Sheng, Ping}},
   title = {Homogenization scheme for acoustic metamaterials},
   journal = {Physical Review B},
   volume = {89},
   number = {6},
   ISSN = {1098-0121},
   % DOI = {10.1103/physrevb.89.064309},
   year = {2014},
   type = {Journal Article}
}

@article{c82,
   author = {{Sun, Man and Fang, Xinsheng and Mao, Dongxing and Wang, Xu and Li, Yong}},
   title = {Broadband Acoustic Ventilation Barriers},
   journal = {Physical Review Applied},
   volume = {13},
   number = {4},
   ISSN = {2331-7019},
   % DOI = {10.1103/physrevapplied.13.044028},
   year = {2020},
   type = {Journal Article}
}

@article{c83,
   author = {{Dong, Ruizhi and Mao, Dongxing and Zhu, Yihuan and Mo, Fangshuo and Wang, Xu and Li, Yong}},
   title = {A ventilating acoustic barrier for attenuating broadband diffuse sound},
   journal = {Applied Physics Letters},
   volume = {119},
   number = {26},
   pages = {263505},
   ISSN = {0003-6951},
   % DOI = {10.1063/5.0074575},
   year = {2021},
   type = {Journal Article}
}

@article{c84,
   author = {{Dong, Ruizhi and Sun, Man and Mo, Fangshuo and Mao, Dongxing and Wang, Xu and Li, Yong}},
   title = {Recent advances in acoustic ventilation barriers},
   journal = {Journal of Physics D: Applied Physics},
   volume = {54},
   number = {40},
   pages = {403002},
   ISSN = {0022-3727
1361-6463},
   % DOI = {10.1088/1361-6463/ac1228},
   % url = {http://dx.doi.org/10.1088/1361-6463/ac1228},
   year = {2021},
   type = {Journal Article}
}

@article{c85,
   author = {{Liu, Chenkai and Shi, Jinjie and Zhao, Wei and Zhou, Xiaoxi and Ma, Chu and Peng, Ruwen and Wang, Mu and Hang, Zhi Hong and Liu, Xiaozhou and Christensen, Johan and Fang, Nicholas X. and Lai, Yun}},
   title = {Three-Dimensional Soundproof Acoustic Metacage},
   journal = {Physical Review Letters},
   volume = {127},
   number = {8},
   ISSN = {0031-9007},
   % DOI = {10.1103/physrevlett.127.084301},
   year = {2021},
   type = {Journal Article}
}

%%%%%%%%%%%%%%%%%%%%%%%%%%%%%%%%%%%%%%%%%%%%%%%%%%%%%%%%%%%%%%%
@article{d1,
   author = {{Moore, Joel E.}},
   title = {The birth of topological insulators},
   journal = {Nature},
   volume = {464},
   number = {7286},
   pages = {194-198},
   ISSN = {0028-0836},
 %  DOI = {10.1038/nature08916},
   year = {2010},
   type = {Journal Article}
}

@article{d2,
   author = {{Klitzing, K. V. and Dorda, G. and Pepper, M.}},
   title = {New Method for High-Accuracy Determination of the Fine-Structure Constant Based on Quantized Hall Resistance},
   journal = {Physical Review Letters},
   volume = {45},
   number = {6},
   pages = {494-497},
   ISSN = {0031-9007},
   % DOI = {10.1103/physrevlett.45.494},
   year = {1980},
   type = {Journal Article}
}

@article{d3,
   author = {{Thouless, D. J. and Kohmoto, M. and Nightingale, M. P. and den Nijs, M.}},
   title = {Quantized Hall Conductance in a Two-Dimensional Periodic Potential},
   journal = {Physical Review Letters},
   volume = {49},
   number = {6},
   pages = {405-408},
   % DOI = {10.1103/PhysRevLett.49.405},
   % url = {https://link.aps.org/doi/10.1103/PhysRevLett.49.405},
   year = {1982},
   type = {Journal Article}
}

@article{d4,
   author = {{Berry, M. V.}},
   title = {Quantal Phase factors accompanying adiabatic changes},
   journal = {Proceedings of the Royal Society of London Series a-Mathematical and Physical Sciences},
   volume = {392},
   number = {1802},
   pages = {45-57},
   ISSN = {0080-4630},
   % DOI = {10.1098/rspa.1984.0023},
   % url = {<Go to ISI>://WOS:A1984SH66200003},
   year = {1984},
   type = {Journal Article}
}

@article{d5,
   author = {{Haldane, F. D. M.}},
   title = {Model for a Quantum Hall Effect without Landau Levels: Condensed-Matter Realization of the "Parity Anomaly"},
   journal = {Physical Review Letters},
   volume = {61},
   number = {18},
   pages = {2015-2018},
   ISSN = {0031-9007},
   % DOI = {10.1103/physrevlett.61.2015},
   year = {1988},
   type = {Journal Article}
}

@article{r11,
   author = {{Hasan, M. Z. and Kane, C. L.}},
   title = {Colloquium: Topological insulators},
   journal = {Reviews of Modern Physics},
   volume = {82},
   number = {4},
   pages = {3045-3067},
   ISSN = {0034-6861},
   % DOI = {10.1103/revmodphys.82.3045},
   year = {2010},
   type = {Journal Article}
}


%%%%%%%%%%%%%%%%%%%%%%%%%%%%%%%%%%%%%%%%%%%%%%%%%%%%%%%%%%%%%%%%%%%%
@article{e1,
   author = {{Murakami, Shuichi and Nagaosa, Naoto and Zhang, Shou-Cheng}},
   title = {Spin-Hall Insulator},
   journal = {Physical Review Letters},
   volume = {93},
   number = {15},
   ISSN = {0031-9007},
   % DOI = {10.1103/physrevlett.93.156804},
   year = {2004},
   type = {Journal Article}
}

@article{e2,
   author = {{Kane, C. L. and Mele, E. J.}},
   title = {\(Z_2\) Topological Order and the Quantum Spin Hall Effect},
   journal = {Physical Review Letters},
   volume = {95},
   number = {14},
   ISSN = {0031-9007},
   % DOI = {10.1103/physrevlett.95.146802},
   year = {2005},
   type = {Journal Article}
}

@article{e3,
   author = {{Kane, C. L. and Mele, E. J.}},
   title = {Quantum Spin Hall Effect in Graphene},
   journal = {Physical Review Letters},
   volume = {95},
   number = {22},
   ISSN = {0031-9007},
   % DOI = {10.1103/physrevlett.95.226801},
   year = {2005},
   type = {Journal Article}
}

@article{e4,
   author = {{Bernevig, B. Andrei and Hughes, Taylor L. and Zhang, Shou-Cheng}},
   title = {Quantum Spin Hall Effect and Topological Phase Transition in HgTe Quantum Wells},
   journal = {Science},
   volume = {314},
   number = {5806},
   pages = {1757-1761},
   ISSN = {0036-8075},
   % DOI = {10.1126/science.1133734},
   % url = {http://arxiv.org/pdf/cond-mat/0611399},
   year = {2006},
   type = {Journal Article}
}

@article{e5,
   author = {{KöNig, Markus and Wiedmann, Steffen and BrüNe, Christoph and Roth, Andreas and Buhmann, Hartmut and Molenkamp, Laurens W. and Qi, Xiao-Liang and Zhang, Shou-Cheng}},
   title = {Quantum Spin Hall Insulator State in HgTe Quantum Wells},
   journal = {Science},
   volume = {318},
   number = {5851},
   pages = {766-770},
   ISSN = {0036-8075},
   % DOI = {10.1126/science.1148047},
   % url = {http://arxiv.org/pdf/0710.0582},
   year = {2007},
   type = {Journal Article}
}

%%%%%%%%%%%%%%%%%%%%%%%%%%%%%%%%%%%%%%%%%%%%%%%%%%%%%%%%%%%%%%%%%%%%%%%
@article{f1,
   author = {{Fu, Liang}},
   title = {Topological Crystalline Insulators},
   journal = {Physical Review Letters},
   volume = {106},
   number = {10},
   pages = {106802},
   ISSN = {0031-9007},
   % DOI = {10.1103/physrevlett.106.106802},
   year = {2011},
   type = {Journal Article}
}

@article{f2,
   author = {{Hsieh, Timothy H. and Lin, Hsin and Liu, Junwei and Duan, Wenhui and Bansil, Arun and Fu, Liang}},
   title = {Topological crystalline insulators in the SnTe material class},
   journal = {Nature Communications},
   volume = {3},
   number = {1},
   pages = {982},
   ISSN = {2041-1723},
   % DOI = {10.1038/ncomms1969},
   % url = {https://doi.org/10.1038/ncomms1969},
   year = {2012},
   type = {Journal Article}
}

@article{f3,
   author = {{Benalcazar, Wladimir A. and Bernevig, B. Andrei and Hughes, Taylor L.}},
   title = {Quantized electric multipole insulators},
   journal = {Science},
   volume = {357},
   number = {6346},
   pages = {61-66},
   note = {OA status: bronze},
   ISSN = {0036-8075},
   % DOI = {10.1126/science.aah6442},
   % url = {http://science.sciencemag.org/content/sci/357/6346/61.full.pdf},
   year = {2017},
   type = {Journal Article}
}

@article{f4,
   author = {{Schindler, Frank and Wang, Zhijun and Vergniory, Maia G. and Cook, Ashley M. and Murani, Anil and Sengupta, Shamashis and Kasumov, Alik Yu and Deblock, Richard and Jeon, Sangjun and Drozdov, Ilya and Bouchiat, Hélène and Guéron, Sophie and Yazdani, Ali and Bernevig, B. Andrei and Neupert, Titus}},
   title = {Higher-order topology in bismuth},
   journal = {Nature Physics},
   volume = {14},
   number = {9},
   pages = {918-924},
   ISSN = {1745-2481},
   % DOI = {10.1038/s41567-018-0224-7},
   % url = {https://doi.org/10.1038/s41567-018-0224-7},
   year = {2018},
   type = {Journal Article}
}

@article{f5,
   author = {{Slager, Robert-Jan and Mesaros, Andrej and Juričić, Vladimir and Zaanen, Jan}},
   title = {The space group classification of topological band-insulators},
   journal = {Nature Physics},
   volume = {9},
   number = {2},
   pages = {98-102},
   ISSN = {1745-2481},
   % DOI = {10.1038/nphys2513},
   % url = {https://doi.org/10.1038/nphys2513},
   year = {2013},
   type = {Journal Article}
}

@article{f6,
   author = {{Benalcazar, Wladimir A. and Bernevig, B. Andrei and Hughes, Taylor L.}},
   title = {Electric multipole moments, topological multipole moment pumping, and chiral hinge states in crystalline insulators},
   journal = {Physical Review B},
   volume = {96},
   number = {24},
   ISSN = {2469-9950},
   % DOI = {10.1103/physrevb.96.245115},
   year = {2017},
   type = {Journal Article}
}



%%%%%%%%%%%%%%%%%%%%%%%%%%%%%%%%%%%%%%%%%%%%%%%%%%%%%%%%%%%%%%%%%%%%%%%
@article{g1,
   author = {{Haldane, F. D. M. and Raghu, S.}},
   title = {Possible Realization of Directional Optical Waveguides in Photonic Crystals with Broken Time-Reversal Symmetry},
   journal = {Physical Review Letters},
   volume = {100},
   number = {1},
   pages = {013904},
   ISSN = {0031-9007},
   % DOI = {10.1103/physrevlett.100.013904},
   year = {2008},
   type = {Journal Article}
}

@article{g2,
   author = {{Wang, Zheng and Chong, Yidong and Joannopoulos, J. D. and Soljačić, Marin}},
   title = {Observation of unidirectional backscattering-immune topological electromagnetic states},
   journal = {Nature},
   volume = {461},
   number = {7265},
   pages = {772-775},
   ISSN = {0028-0836},
   % DOI = {10.1038/nature08293},
   % url = {https://dspace.mit.edu/bitstream/1721.1/88469/1/Joannopoulos_Observation%20of.pdf},
   year = {2009},
   type = {Journal Article}
}

@article{g3,
   author = {{Hafezi, Mohammad and Demler, Eugene A. and Lukin, Mikhail D. and Taylor, Jacob M.}},
   title = {Robust optical delay lines with topological protection},
   journal = {Nature Physics},
   volume = {7},
   number = {11},
   pages = {907-912},
   ISSN = {1745-2481},
   % DOI = {10.1038/nphys2063},
   % url = {https://doi.org/10.1038/nphys2063},
   year = {2011},
   type = {Journal Article}
}



@article{g4,
   author = {{Kitagawa, Takuya and Berg, Erez and Rudner, Mark and Demler, Eugene}},
   title = {Topological characterization of periodically driven quantum systems},
   journal = {Physical Review B},
   volume = {82},
   number = {23},
   pages = {235114},
   note = {PRB},
   % DOI = {10.1103/PhysRevB.82.235114},
   % url = {https://link.aps.org/doi/10.1103/PhysRevB.82.235114},
   year = {2010},
   type = {Journal Article}
}

@article{g5,
   author = {{Lindner, Netanel H. and Refael, Gil and Galitski, Victor}},
   title = {Floquet topological insulator in semiconductor quantum wells},
   journal = {Nature Physics},
   volume = {7},
   number = {6},
   pages = {490-495},
   ISSN = {1745-2481},
   % DOI = {10.1038/nphys1926},
   % url = {https://doi.org/10.1038/nphys1926},
   year = {2011},
   type = {Journal Article}
}

@article{g6,
   author = {{Hafezi, M. and Mittal, S. and Fan, J. and Migdall, A. and Taylor, J. M.}},
   title = {Imaging topological edge states in silicon photonics},
   journal = {Nature Photonics},
   volume = {7},
   number = {12},
   pages = {1001-1005},
   ISSN = {1749-4885},
   % DOI = {10.1038/nphoton.2013.274},
   % url = {http://arxiv.org/pdf/1302.2153},
   year = {2013},
   type = {Journal Article}
}

@article{g7,
   author = {{Rechtsman, Mikael C. and Zeuner, Julia M. and Plotnik, Yonatan and Lumer, Yaakov and Podolsky, Daniel and Dreisow, Felix and Nolte, Stefan and Segev, Mordechai and Szameit, Alexander}},
   title = {Photonic Floquet topological insulators},
   journal = {Nature},
   volume = {496},
   number = {7444},
   pages = {196-200},
   ISSN = {1476-4687},
   % DOI = {10.1038/nature12066},
   % url = {https://doi.org/10.1038/nature12066},
   year = {2013},
   type = {Journal Article}
}

@article{g8,
   author = {{Thouless, D. J.}},
   title = {Quantization of particle transport},
   journal = {Physical Review B},
   volume = {27},
   number = {10},
   pages = {6083-6087},
   note = {PRB},
   % DOI = {10.1103/PhysRevB.27.6083},
   % url = {https://link.aps.org/doi/10.1103/PhysRevB.27.6083},
   year = {1983},
   type = {Journal Article}
}

@article{g9,
   author = {{Kraus, Yaacov E. and Lahini, Yoav and Ringel, Zohar and Verbin, Mor and Zilberberg, Oded}},
   title = {Topological States and Adiabatic Pumping in Quasicrystals},
   journal = {Physical Review Letters},
   volume = {109},
   number = {10},
   pages = {106402},
   note = {PRL},
   % DOI = {10.1103/PhysRevLett.109.106402},
   % url = {https://link.aps.org/doi/10.1103/PhysRevLett.109.106402},
   year = {2012},
   type = {Journal Article}
}

@article{g-add-1,
   author = {{Khanikaev, Alexander B. and Hossein Mousavi, S. and Tse, Wang-Kong and Kargarian, Mehdi and MacDonald, Allan H. and Shvets, Gennady}},
   title = {Photonic topological insulators},
   journal = {Nature Materials},
   volume = {12},
   number = {3},
   pages = {233-239},
   ISSN = {1476-4660},
   % DOI = {10.1038/nmat3520},
   % url = {https://doi.org/10.1038/nmat3520},
   year = {2013},
   type = {Journal Article}
}



%%%%%%%%%%%%%%%%%%%%%%%%%%%%%%%%%%%%%%%%%%%%%%%%%%%%%%%%%%%%%%%%%%%%%%%%%%%
@article{h1,
   author = {{Haldane, F. D. M. and Raghu, S.}},
   title = {Possible Realization of Directional Optical Waveguides in Photonic Crystals with Broken Time-Reversal Symmetry},
   journal = {Physical Review Letters},
   volume = {100},
   number = {1},
   ISSN = {0031-9007},
   % DOI = {10.1103/physrevlett.100.013904},
   year = {2008},
   type = {Journal Article}
}

@article{h2,
   author = {{Raghu, S. and Haldane, F. D. M.}},
   title = {Analogs of quantum-Hall-effect edge states in photonic crystals},
   journal = {Physical Review A},
   volume = {78},
   number = {3},
   ISSN = {1050-2947},
   % DOI = {10.1103/physreva.78.033834},
   year = {2008},
   type = {Journal Article}
}

@article{h3,
   author = {{Kraus, Yaacov E. and Lahini, Yoav and Ringel, Zohar and Verbin, Mor and Zilberberg, Oded}},
   title = {Topological States and Adiabatic Pumping in Quasicrystals},
   journal = {Physical Review Letters},
   volume = {109},
   number = {10},
   ISSN = {0031-9007},
   % DOI = {10.1103/physrevlett.109.106402},
   year = {2012},
   type = {Journal Article}
}

@article{h4,
   author = {{Keil, Robert and Poli, Charles and Heinrich, Matthias and Arkinstall, Jake and Weihs, Gregor and Schomerus, Henning and Szameit, Alexander}},
   title = {Universal Sign Control of Coupling in Tight-Binding Lattices},
   journal = {Physical Review Letters},
   volume = {116},
   number = {21},
   ISSN = {0031-9007},
   % DOI = {10.1103/physrevlett.116.213901},
   year = {2016},
   type = {Journal Article}
}

@article{h5,
   author = {{Noh, Jiho and Benalcazar, Wladimir A. and Huang, Sheng and Collins, Matthew J. and Chen, Kevin P. and Hughes, Taylor L. and Rechtsman, Mikael C.}},
   title = {Topological protection of photonic mid-gap defect modes},
   journal = {Nature Photonics},
   volume = {12},
   number = {7},
   pages = {408-415},
   % DOI = {10.1038/s41566-018-0179-3},
   year = {2018},
   type = {Journal Article}
}

@article{h6,
   author = {{Peterson, Christopher W. and Benalcazar, Wladimir A. and Hughes, Taylor L. and Bahl, Gaurav}},
   title = {A quantized microwave quadrupole insulator with topologically protected corner states},
   journal = {Nature},
   volume = {555},
   number = {7696},
   pages = {346-350},
   ISSN = {0028-0836},
   % DOI = {10.1038/nature25777},
   % url = {http://arxiv.org/pdf/1710.03231},
   year = {2018},
   type = {Journal Article}
}

@article{h7,
   author = {{Stützer, Simon and Plotnik, Yonatan and Lumer, Yaakov and Titum, Paraj and Lindner, Netanel H. and Segev, Mordechai and Rechtsman, Mikael C. and Szameit, Alexander}},
   title = {Photonic topological Anderson insulators},
   journal = {Nature},
   volume = {560},
   number = {7719},
   pages = {461-465},
   ISSN = {0028-0836},
   % DOI = {10.1038/s41586-018-0418-2},
   year = {2018},
   type = {Journal Article}
}

@article{h8,
   author = {{Li, Mengyao and Zhirihin, Dmitry and Gorlach, Maxim and Ni, Xiang and Filonov, Dmitry and Slobozhanyuk, Alexey and Alù, Andrea and Khanikaev, Alexander B.}},
   title = {Higher-order topological states in photonic kagome crystals with long-range interactions},
   journal = {Nature Photonics},
   volume = {14},
   number = {2},
   pages = {89-94},
   % DOI = {10.1038/s41566-019-0561-9},
   year = {2019},
   type = {Journal Article}
}

@article{h9,
   author = {{Mittal, Sunil and Orre, Venkata Vikram and Zhu, Guanyu and Gorlach, Maxim A. and Poddubny, Alexander and Hafezi, Mohammad}},
   title = {Photonic quadrupole topological phases},
   journal = {Nature Photonics},
   volume = {13},
   number = {10},
   pages = {692-696},
   ISSN = {1749-4885},
   % DOI = {10.1038/s41566-019-0452-0},
   year = {2019},
   type = {Journal Article}
}

@article{h10,
   author = {{Cerjan, Alexander and Jürgensen, Marius and Benalcazar, Wladimir A. and Mukherjee, Sebabrata and Rechtsman, Mikael C.}},
   title = {Observation of a Higher-Order Topological Bound State in the Continuum},
   journal = {Physical Review Letters},
   volume = {125},
   number = {21},
   ISSN = {0031-9007},
   % DOI = {10.1103/physrevlett.125.213901},
   year = {2020},
   type = {Journal Article}
}

@article{h11,
   author = {{He, Li and Addison, Zachariah and Mele, Eugene J. and Zhen, Bo}},
   title = {Quadrupole topological photonic crystals},
   journal = {Nature Communications},
   volume = {11},
   number = {1},
   ISSN = {2041-1723},
   % DOI = {10.1038/s41467-020-16916-z},
   year = {2020},
   type = {Journal Article}
}

@article{h12,
   author = {{Noh, Jiho and Schuster, Thomas and Iadecola, Thomas and Huang, Sheng and Wang, Mohan and Chen, Kevin P. and Chamon, Claudio and Rechtsman, Mikael C.}},
   title = {Braiding photonic topological zero modes},
   journal = {Nature Physics},
   volume = {16},
   number = {9},
   pages = {989-993},
   ISSN = {1745-2473},
   % DOI = {10.1038/s41567-020-1007-5},
   year = {2020},
   type = {Journal Article}
}

@article{h13,
   author = {{Xie, Biye and Su, Guangxu and Wang, Hong-Fei and Liu, Feng and Hu, Lumang and Yu, Si-Yuan and Zhan, Peng and Lu, Ming-Hui and Wang, Zhenlin and Chen, Yan-Feng}},
   title = {Higher-order quantum spin Hall effect in a photonic crystal},
   journal = {Nature Communications},
   volume = {11},
   number = {1},
   ISSN = {2041-1723},
   % DOI = {10.1038/s41467-020-17593-8},
   year = {2020},
   type = {Journal Article}
}

@article{h14,
   author = {{Zangeneh-Nejad, Farzad and Fleury, Romain}},
   title = {Topological optomechanically induced transparency},
   journal = {Optics Letters},
   volume = {45},
   number = {21},
   pages = {5966-5969},
   ISSN = {0146-9592},
   % DOI = {10.1364/ol.410002},
   % url = {<Go to ISI>://WOS:000585783800019},
   year = {2020},
   type = {Journal Article}
}

@article{h15,
   author = {{Kirsch, Marco S. and Zhang, Yiqi and Kremer, Mark and Maczewsky, Lukas J. and Ivanov, Sergey K. and Kartashov, Yaroslav V. and Torner, Lluis and Bauer, Dieter and Szameit, Alexander and Heinrich, Matthias}},
   title = {Nonlinear second-order photonic topological insulators},
   journal = {Nature Physics},
   ISSN = {1745-2473},
   % DOI = {10.1038/s41567-021-01275-3},
   year = {2021},
   type = {Journal Article}
}

@article{h16,
   author = {{Liu, Yang and Leung, Shuwai and Li, Fei-Fei and Lin, Zhi-Kang and Tao, Xiufeng and Poo, Yin and Jiang, Jian-Hua}},
   title = {Bulk–disclination correspondence in topological crystalline insulators},
   journal = {Nature},
   volume = {589},
   number = {7842},
   pages = {381-385},
   ISSN = {0028-0836},
   % DOI = {10.1038/s41586-020-03125-3},
   year = {2021},
   type = {Journal Article}
}

@article{h17,
   author = {{Kong, W. X. and Xiao, X. L. and Wei, J. and Wang, R. and Wu, X. Z.}},
   title = {Two-dimensional macroporous carbon: An ideal nodal-line semimetal with combined electronic and phononic topology},
   journal = {Applied Surface Science},
   volume = {688},
   ISSN = {0169-4332},
   % DOI = {10.1016/j.apsusc.2025.162426},
   % url = {<Go to ISI>://WOS:001404887000001},
   year = {2025},
   type = {Journal Article}
}

%%%%%%%%%%%%%%%%%%%%%%%%%%%%%%%%%%%%%%%%%%%%%%%%%%%%%%%%%%%%%%%%%%%%%%%%%%%
@article{i1,
   author = {{Yang, Zhaoju and Gao, Fei and Shi, Xihang and Lin, Xiao and Gao, Zhen and Chong, Yidong and Zhang, Baile}},
   title = {Topological Acoustics},
   journal = {Physical Review Letters},
   volume = {114},
   number = {11},
   pages = {114301},
   ISSN = {0031-9007},
   % DOI = {10.1103/physrevlett.114.114301},
   % url = {https://link.aps.org/doi/10.1103/PhysRevLett.114.114301},
   year = {2015},
   type = {Journal Article}
}

@article{i2,
   author = {{He, Cheng and Ni, Xu and Ge, Hao and Sun, Xiao-Chen and Chen, Yan-Bin and Lu, Ming-Hui and Liu, Xiao-Ping and Chen, Yan-Feng}},
   title = {Acoustic topological insulator and robust one-way sound transport},
   journal = {Nature Physics},
   volume = {12},
   number = {12},
   pages = {1124-1129},
   ISSN = {1745-2473},
   % DOI = {10.1038/nphys3867},
   % url = {http://arxiv.org/pdf/1512.03273},
   year = {2016},
   type = {Journal Article}
}

@article{i3,
   author = {{Lu, Jiuyang and Qiu, Chunyin and Ye, Liping and Fan, Xiying and Ke, Manzhu and Zhang, Fan and Liu, Zhengyou}},
   title = {Observation of topological valley transport of sound in sonic crystals},
   journal = {Nature Physics},
   volume = {13},
   number = {4},
   pages = {369-374},
   ISSN = {1745-2473},
   % DOI = {10.1038/nphys3999},
   % url = {http://arxiv.org/pdf/1709.05920},
   year = {2017},
   type = {Journal Article}
}

@article{i4,
   author = {{Xue, Haoran and Yang, Yahui and Gao, Fei and Chong, Yidong and Zhang, Baile}},
   title = {Acoustic higher-order topological insulator on a kagome lattice},
   journal = {Nature Materials},
   volume = {18},
   number = {2},
   pages = {108-112},
   % DOI = {10.1038/s41563-018-0251-x},
   year = {2018},
   type = {Journal Article}
}

@article{i5,
   author = {Ni, Xiang and Weiner, Matthew and Alù, Andrea and Khanikaev, Alexander B.},
   title = {Observation of higher-order topological acoustic states protected by generalized chiral symmetry},
   journal = {Nature Materials},
   volume = {18},
   number = {2},
   pages = {113-120},
   % DOI = {10.1038/s41563-018-0252-9},
   year = {2018},
   type = {Journal Article}
}

@article{i6,
   author = {{Serra-Garcia, Marc and Peri, Valerio and Süsstrunk, Roman and Bilal, Osama R. and Larsen, Tom and Villanueva, Luis Guillermo and Huber, Sebastian D.}},
   title = {Observation of a phononic quadrupole topological insulator},
   journal = {Nature},
   volume = {555},
   number = {7696},
   pages = {342-345},
   %DOI = {10.1038/nature25156},
   year = {2018},
   type = {Journal Article}
}

@article{i7,
   author = {{Zhang, Xiujuan and Xie, Bi-Ye and Wang, Hong-Fei and Xu, Xiangyuan and Tian, Yuan and Jiang, Jian-Hua and Lu, Ming-Hui and Chen, Yan-Feng}},
   title = {Dimensional hierarchy of higher-order topology in three-dimensional sonic crystals},
   journal = {Nature Communications},
   volume = {10},
   number = {1},
   ISSN = {2041-1723},
   % DOI = {10.1038/s41467-019-13333-9},
   year = {2019},
   type = {Journal Article}
}

@article{i8,
   author = {{Gao, He and Xue, Haoran and Gu, Zhongming and Liu, Tuo and Zhu, Jie and Zhang, Baile}},
   title = {Non-Hermitian route to higher-order topology in an acoustic crystal},
   journal = {Nature Communications},
   volume = {12},
   number = {1},
   ISSN = {2041-1723},
   % DOI = {10.1038/s41467-021-22223-y},
   year = {2021},
   type = {Journal Article}
}

@article{i-add-1,
   author = {{Ding, Yujiang and Peng, Yugui and Zhu, Yifan and Fan, Xudong and Yang, Jing and Liang, Bin and Zhu, Xuefeng and Wan, Xiangang and Cheng, Jianchun}},
   title = {Experimental Demonstration of Acoustic Chern Insulators},
   journal = {Physical Review Letters},
   volume = {122},
   number = {1},
   ISSN = {0031-9007},
   % DOI = {10.1103/physrevlett.122.014302},
   year = {2019},
   type = {Journal Article}
}

%%%%%%%%%%%%%%%%%%%%%%%%%%%%%%%%%%%%%%%%%%%%%%%%%%%%%%%%%%%%%%%%%%%%%%%%%%
@article{j7,
   author = {{Banerjee, R. and Mandal, S. and Liew, T. C. H.}},
   title = {Coupling between Exciton-Polariton Corner Modes through Edge States},
   journal = {Physical Review Letters},
   volume = {124},
   number = {6},
   ISSN = {0031-9007},
   % DOI = {10.1103/physrevlett.124.063901},
   year = {2020},
   type = {Journal Article}
}

@article{j8,
   author = {{Chen, Ze-Guo and Wang, Licheng and Zhang, Guanqing and Ma, Guancong}},
   title = {Chiral Symmetry Breaking of Tight-Binding Models in Coupled Acoustic-Cavity Systems},
   journal = {Physical Review Applied},
   volume = {14},
   number = {2},
   ISSN = {2331-7019},
   % DOI = {10.1103/physrevapplied.14.024023},
   year = {2020},
   type = {Journal Article}
}

@article{j4,
   author = {{Chen, Ze-Guo and Xu, Changqing and Al Jahdali, Rasha and Mei, Jun and Wu, Ying}},
   title = {Corner states in a second-order acoustic topological insulator as bound states in the continuum},
   journal = {Physical Review B},
   volume = {100},
   number = {7},
   pages = {075120},
   % DOI = {10.1103/PhysRevB.100.075120},
   year = {2019},
   type = {Journal Article}
}

@article{j9,
   author = {{Coutant, Antonin and Achilleos, Vassos and Richoux, Olivier and Theocharis, Georgios and Pagneux, Vincent}},
   title = {Robustness of topological corner modes against disorder with application to acoustic networks},
   journal = {Physical Review B},
   volume = {102},
   number = {21},
   ISSN = {2469-9950},
   % DOI = {10.1103/physrevb.102.214204},
   year = {2020},
   type = {Journal Article}
}

@article{j12,
   author = {{Coutant, Antonin and Sivadon, Audrey and Zheng, Liyang and Achilleos, Vassos and Richoux, Olivier and Theocharis, Georgios and Pagneux, Vincent}},
   title = {Acoustic Su-Schrieffer-Heeger lattice: Direct mapping of acoustic waveguides to the Su-Schrieffer-Heeger model},
   journal = {Physical Review B},
   volume = {103},
   number = {22},
   ISSN = {2469-9950},
   % DOI = {10.1103/physrevb.103.224309},
   year = {2021},
   type = {Journal Article}
}

@article{j13,
   author = {{Dai, Hongqing and Liu, Linbo and Xia, Baizhan and Yu, Dejie}},
   title = {Experimental Realization of Topological On-Chip Acoustic Tweezers},
   journal = {Physical Review Applied},
   volume = {15},
   number = {6},
   ISSN = {2331-7019},
   % DOI = {10.1103/physrevapplied.15.064032},
   year = {2021},
   type = {Journal Article}
}

@article{j14,
   author = {{Hu, Bolun and Zhang, Zhiwang and Zhang, Haixiao and Zheng, Liyang and Xiong, Wei and Yue, Zichong and Wang, Xiaoyu and Xu, Jianyi and Cheng, Ying and Liu, Xiaojun and Christensen, Johan}},
   title = {Non-Hermitian topological whispering gallery},
   journal = {Nature},
   volume = {597},
   number = {7878},
   pages = {655-659},
   ISSN = {0028-0836},
   % DOI = {10.1038/s41586-021-03833-4},
   year = {2021},
   type = {Journal Article}
}

@article{j15,
   author = {{Huang, Zhen and Wu, Jiuhui and Wang, Chang and Yang, Shaokun and Ma, Fuyin}},
   title = {Resonant-scattering hybrid device for multiband acoustic topology valley transmission},
   journal = {Physical Review B},
   volume = {104},
   number = {9},
   ISSN = {2469-9950},
   % DOI = {10.1103/physrevb.104.094110},
   year = {2021},
   type = {Journal Article}
}

@article{j5,
   author = {{Lee, Taehwa and Iizuka, Hideo}},
   title = {Bragg scattering based acoustic topological transition controlled by local resonance},
   journal = {Physical Review B},
   volume = {99},
   number = {6},
   ISSN = {2469-9950},
   % DOI = {10.1103/physrevb.99.064305},
   year = {2019},
   type = {Journal Article}
}

@article{j17,
   author = {{Li, Binsheng and Chen, Hui and Xia, Baizhan and Yao, Lingyun}},
   title = {Acoustic energy harvesting based on topological states of multi-resonant phononic crystals},
   journal = {Applied Energy},
   volume = {341},
   pages = {121142},
   ISSN = {0306-2619},
   % DOI = {https://doi.org/10.1016/j.apenergy.2023.121142},
   year = {2023},
   type = {Journal Article}
}

@article{j18,
   author = {{Guo, Jiamin and Gu, Zhongming and Zhu, Jie}},
   title = {Realization of Merged Topological Corner States in the Continuum in Acoustic Crystals},
   journal = {Physical review letters},
   volume = {133 23},
   pages = {236603},
   year = {2024},
   type = {Journal Article}
}



@article{j10,
   author = {{Qi, Yajuan and Qiu, Chunyin and Xiao, Meng and He, Hailong and Ke, Manzhu and Liu, Zhengyou}},
   title = {Acoustic Realization of Quadrupole Topological Insulators},
   journal = {Physical Review Letters},
   volume = {124},
   number = {20},
   % DOI = {10.1103/PhysRevLett.124.206601},
   year = {2020},
   type = {Journal Article}
}

@article{j11,
   author = {{Shen, Ya-Xi and Zeng, Long-Sheng and Geng, Zhi-Guo and Zhao, De-Gang and Peng, Yu-Gui and Zhu, Xue-Feng}},
   title = {Acoustic Adiabatic Propagation Based on Topological Pumping in a Coupled Multicavity Chain Lattice},
   journal = {Physical Review Applied},
   volume = {14},
   number = {1},
   ISSN = {2331-7019},
   % DOI = {10.1103/physrevapplied.14.014043},
   year = {2020},
   type = {Journal Article}
}

@article{j16,
   author = {{Wei, Qiang and Zhang, Xuewei and Deng, Weiyin and Lu, Jiuyang and Huang, Xueqin and Yan, Mou and Chen, Gang and Liu, Zhengyou and Jia, Suotang}},
   title = {3D Hinge Transport in Acoustic Higher-Order Topological Insulators},
   journal = {Physical Review Letters},
   volume = {127},
   number = {25},
   ISSN = {0031-9007},
   % DOI = {10.1103/physrevlett.127.255501},
   year = {2021},
   type = {Journal Article}
}

@article{j1,
   author = {{Xiao, Meng and Ma, Guancong and Yang, Zhiyu and Sheng, Ping and Zhang, Z. Q. and Chan, C. T.}},
   title = {Geometric phase and band inversion in periodic acoustic systems},
   journal = {Nature Physics},
   volume = {11},
   number = {3},
   pages = {240-244},
   % DOI = {10.1038/nphys3228},
   year = {2015},
   type = {Journal Article}
}

@article{j6,
   author = {{Zhang, Xiujuan and Wang, Hai-Xiao and Lin, Zhi-Kang and Tian, Yuan and Xie, Biye and Lu, Ming-Hui and Chen, Yan-Feng and Jiang, Jian-Hua}},
   title = {Second-order topology and multidimensional topological transitions in sonic crystals},
   journal = {Nature Physics},
   volume = {15},
   number = {6},
   pages = {582-588},
   % DOI = {10.1038/s41567-019-0472-1},
   year = {2019},
   type = {Journal Article}
}

@article{j2,
   author = {{Zhang, Zhiwang and Tian, Ye and Wang, Yihe and Gao, Shuxiang and Cheng, Ying and Liu, Xiaojun and Christensen, Johan}},
   title = {Directional Acoustic Antennas Based on Valley‐Hall Topological Insulators},
   journal = {Advanced Materials},
   volume = {30},
   number = {36},
   pages = {1803229},
   note = {OA status: green_published},
   ISSN = {0935-9648},
   %DOI = {10.1002/adma.201803229},
   year = {2018},
   type = {Journal Article}
}

@article{j3,
   author = {{Zhao, Degang and Xiao, Meng and Ling, C. W. and Chan, C. T. and Fung, Kin Hung}},
   title = {Topological interface modes in local resonant acoustic systems},
   journal = {Physical Review B},
   volume = {98},
   number = {1},
   ISSN = {2469-9950},
   % DOI = {10.1103/physrevb.98.014110},
   year = {2018},
   type = {Journal Article}
}

@article{j19,
   author = {{Lai, H. S. and He, C. and Chen, Y. F.}},
   title = {Evolution of topological Dirac-line semimetal phases in a three-dimensional acoustic rhombohedral graphite},
   journal = {Physical Review B},
   volume = {110},
   number = {22},
   ISSN = {2469-9950},
   % DOI = {10.1103/PhysRevB.110.224104},
   % url = {<Go to ISI>://WOS:001380529000003},
   year = {2024},
   type = {Journal Article}
}

@article{j20,
   author = {{Liu, M. and Zhang, R. X. and Le, Q. and York, B. and Hwang, C. and Liu, X. Y. and Gribelyuk, M. and Xu, X. Y. and Le, S. and Maeda, M. and Fan, T. and Tao, Y. and Takano, H. and Hai, P. N.}},
   title = {Spin Hall magnetic field sensing device using topological insulator},
   journal = {Applied Physics Letters},
   volume = {125},
   number = {24},
   ISSN = {0003-6951},
   DOI = {10.1063/5.0233246},
   url = {<Go to ISI>://WOS:001378199200016},
   year = {2024},
   type = {Journal Article}
}

@article{j21,
   author = {{Zhang, Z. D. and Yu, S. Y. and Lu, M. H. and Chen, Y. F.}},
   title = {Gigahertz Surface Acoustic Wave Topological Rainbow in Nanoscale Phononic Crystals},
   journal = {Physical Review Letters},
   volume = {133},
   number = {26},
   ISSN = {0031-9007},
   % DOI = {10.1103/PhysRevLett.133.267001},
   % url = {<Go to ISI>://WOS:001399789600001},
   year = {2024},
   type = {Journal Article}
}

@article{j22,
   author = {{Cui, Z. X. and Zhang, X. W. and Peng, M. and Wei, Q. and Yan, M. and Chen, G.}},
   title = {Observation of a two-dimensional topological metal in acoustic metamaterials},
   journal = {Applied Physics Letters},
   volume = {126},
   number = {2},
   ISSN = {0003-6951},
   % DOI = {10.1063/5.0244137},
   % url = {<Go to ISI>://WOS:001399062700008},
   year = {2025},
   type = {Journal Article}
}

@article{j23,
   author = {{Tong, Q. and Wang, S. B.}},
   title = {Sculpturing sound fields with the real-space structural topology of acoustic cavities},
   journal = {New Journal of Physics},
   volume = {27},
   number = {1},
   ISSN = {1367-2630},
   % DOI = {10.1088/1367-2630/adac04},
   % url = {<Go to ISI>://WOS:001408872300001},
   year = {2025},
   type = {Journal Article}
}

@article{j24,
   author = {{Wang, G. and Wang, X. F. and Fan, C. Z.}},
   title = {Synthesizing spin-orbit couplings and symmetry-protected topological phase in acoustic metamaterials},
   journal = {Applied Physics Letters},
   volume = {126},
   number = {4},
   ISSN = {0003-6951},
   % DOI = {10.1063/5.0225691},
   % url = {<Go to ISI>://WOS:001412752700017},
   year = {2025},
   type = {Journal Article}
}

@article{j25,
   author = {{Wang, R. J. and Mao, L. and Huang, H. B. and Chen, J. J.}},
   title = {Coupled topological interface states in one-dimensional phononic crystals composed of a trimer chain},
   journal = {Physics Letters A},
   volume = {533},
   ISSN = {0375-9601},
   % DOI = {10.1016/j.physleta.2024.130210},
   % url = {<Go to ISI>://WOS:001399000400001},
   year = {2025},
   type = {Journal Article}
}

@article{j26,
   author = {{Wang, Y. B. and Di, M. C. and Ding, C. L. and Dong, Y. B. and Zhai, S. L. and Luo, C. R. and Zhao, X. P.}},
   title = {Controllable and multi-band acoustic metamaterial topological insulators},
   journal = {Journal of Physics D-Applied Physics},
   volume = {58},
   number = {11},
   ISSN = {0022-3727},
   % DOI = {10.1088/1361-6463/ada6d0},
   % url = {<Go to ISI>://WOS:001400612200001},
   year = {2025},
   type = {Journal Article}
}

@article{j27,
   author = {{Wang, Y. C. and Xie, X. and Zhang, H. B. and Fan, X. T. and Wang, W. W.}},
   title = {Lowering the skyrmion depinning current in synthetic antiferromagnetic systems},
   journal = {Applied Physics Letters},
   volume = {126},
   number = {2},
   ISSN = {0003-6951},
   % DOI = {10.1063/5.0242419},
   % url = {<Go to ISI>://WOS:001399820500001},
   year = {2025},
   type = {Journal Article}
}

@article{j28,
   author = {{Wang, Z. N. and Huang, Z. X. and Deng, C. X. and Yang, Y. Z. and Zhang, X. and Yang, Y. Q. and Jia, H. and Yu, Y. J. and Wang, R. L. and Yang, H.}},
   title = {Topological sonic whispering gallery protected by the synthetic Weyl points},
   journal = {Applied Physics Letters},
   volume = {126},
   number = {1},
   ISSN = {0003-6951},
   % DOI = {10.1063/5.0242798},
   % url = {<Go to ISI>://WOS:001394039000003},
   year = {2025},
   type = {Journal Article}
}

@article{j29,
   author = {{Zhang, C. Q. and Tong, W. H. and Qin, H. S. and Ming, X. and Wang, L. D. and Yu, Y. and Mao, Y. and Lu, J. H. and Li, P. and Shi, T. Y. and Pang, K. and Liu, Y. J. and Xu, Z. and Liu, Y. L. and Gao, C.}},
   title = {Multi-modal resonance of topological hybrid graphene foam for enhanced acoustic absorption},
   journal = {Chemical Engineering Journal},
   volume = {503},
   ISSN = {1385-8947},
   % DOI = {10.1016/j.cej.2024.158560},
   % url = {<Go to ISI>://WOS:001393273800001},
   year = {2025},
   type = {Journal Article}
}

@article{j30,
   author = {{Zhong, J. X. and de Castro, P. F. and Lu, T. H. and Kim, J. and Oudich, M. and Ji, J. and Shi, L. and Chen, K. and Lu, J. and Jing, Y. and Benalcazar, W. A.}},
   title = {Higher-order skin effect and its observation in an acoustic kagome lattice},
   journal = {Physical Review B},
   volume = {111},
   number = {1},
   ISSN = {2469-9950},
   % DOI = {10.1103/PhysRevB.111.014314},
   % url = {<Go to ISI>://WOS:001417179500010},
   year = {2025},
   type = {Journal Article}
}

%%%%%%%%%%%%%%%%%%%%%%%%%%%%%%%%%%%%%%%%%%%%%%%%%%%%%%%%%%%%%%%%%%%%%%%%%%%
@article{C3-1,
   author = {{Apaja, V. and Hyrkäs, M. and Manninen, M.}},
   title = {Flat bands, Dirac cones, and atom dynamics in an optical lattice},
   journal = {Physical Review A},
   volume = {82},
   number = {4},
   pages = {041402},
   note = {PRA},
   % DOI = {10.1103/PhysRevA.82.041402},
   % url = {https://link.aps.org/doi/10.1103/PhysRevA.82.041402},
   year = {2010},
   type = {Journal Article}
}

@article{C3-2,
   author = {{Leykam, Daniel and Andreanov, Alexei and Flach, Sergej}},
   title = {Artificial flat band systems: from lattice models to experiments},
   journal = {Advances in Physics: X},
   volume = {3},
   number = {1},
   pages = {1473052},
   ISSN = {2374-6149},
   % DOI = {10.1080/23746149.2018.1473052},
   % url = {http://arxiv.org/pdf/1801.09378},
   year = {2018},
   type = {Journal Article}
}

@article{C3-3,
   author = {Benalcazar, Wladimir A. and Li, Tianhe and Hughes, Taylor L.},
   title = {Quantization of fractional corner charge in $C_n$-symmetric higher-order topological crystalline insulators},
   journal = {Physical Review B},
   volume = {99},
   number = {24},
   % ISSN = {2469-9950},
   % DOI = {10.1103/physrevb.99.245151},
   year = {2019},
   type = {Journal Article}
}

@article{C3-4,
   author = {{Yang, Zhang-Zhao and Peng, Yao-Yin and Li, Xin and Zou, Xin-Ye and Cheng, Jian-Chun}},
   title = {Boundary-dependent corner states in topological acoustic resonator array},
   journal = {Applied Physics Letters},
   volume = {117},
   number = {11},
   pages = {113501},
   % ISSN = {0003-6951},
   % DOI = {10.1063/5.0017503},
   year = {2020},
   type = {Journal Article}
}

@article{C3-5,
   author = {{Peterson, Christopher W. and Li, Tianhe and Benalcazar, Wladimir A. and Hughes, Taylor L. and Bahl, Gaurav}},
   title = {A fractional corner anomaly reveals higher-order topology},
   journal = {Science},
   volume = {368},
   number = {6495},
   pages = {1114-1118},
   % ISSN = {0036-8075},
   % DOI = {10.1126/science.aba7604},
   year = {2020},
   type = {Journal Article}
}

%%%%%%%%%%%%%%%%%%%%%%%%%%%%%%%%%%%%%%%%%%%%%%%%%%%%%%%%%%%%%%%%%%%%%%%%%%%
@article{C41-3,
   author = {{Gan, Qiaoqiang and Ding, Yujie J. and Bartoli, Filbert J.}},
   title = {"Rainbow Trapping" and Releasing at Telecommunication Wavelengths},
   journal = {Physical Review Letters},
   volume = {102},
   number = {5},
   ISSN = {0031-9007},
   % DOI = {10.1103/physrevlett.102.056801},
   year = {2009},
   type = {Journal Article}
}

@article{C41-5,
   author = {{Jang, Min Seok and Atwater, Harry}},
   title = {Plasmonic Rainbow Trapping Structures for Light Localization and Spectrum Splitting},
   journal = {Physical Review Letters},
   volume = {107},
   number = {20},
   ISSN = {0031-9007},
   % DOI = {10.1103/physrevlett.107.207401},
   year = {2011},
   type = {Journal Article}
}

@article{C41-7,
   author = {{Liu, Kexin and He, Sailing}},
   title = {Truly trapped rainbow by utilizing nonreciprocal waveguides},
   journal = {Scientific Reports},
   volume = {6},
   number = {1},
   pages = {30206},
   note = {OA status: green_published},
   ISSN = {2045-2322},
   %DOI = {10.1038/srep30206},
   %url = {https://www.ncbi.nlm.nih.gov/pmc/articles/PMC4958975},
   year = {2016},
   type = {Journal Article}
}

@article{C41-8,
   author = {{Montazeri, A. O. and Fang, Y. and Sarrafi, P. and Kherani, N. P.}},
   title = {Rainbow-trapping by adiabatic tuning of intragroove plasmon coupling},
   journal = {Optics Express},
   volume = {24},
   number = {23},
   pages = {26745-26755},
   note = {Montazeri, A. O. Fang, Y. Sarrafi, P. Kherani, N. P.},
   ISSN = {1094-4087},
   %DOI = {10.1364/oe.24.026745},
   %url = {<Go to ISI>://WOS:000388414600077},
   year = {2016},
   type = {Journal Article}
}

@article{C41-4,
   author = {{Smolyaninova, Vera N. and Smolyaninov, Igor I. and Kildishev, Alexander V. and Shalaev, Vladimir M.}},
   title = {Experimental observation of the trapped rainbow},
   journal = {Applied Physics Letters},
   volume = {96},
   number = {21},
   pages = {211121},
   ISSN = {0003-6951},
   %DOI = {10.1063/1.3442501},
   %url = {http://arxiv.org/pdf/0911.4464},
   year = {2010},
   type = {Journal Article}
}

@article{C41-2,
   author = {{Tsakmakidis, Kosmas L. and Boardman, Allan D. and Hess, Ortwin}},
   title = {‘Trapped rainbow’ storage of light in metamaterials},
   journal = {Nature},
   volume = {450},
   number = {7168},
   pages = {397-401},
   ISSN = {0028-0836},
   %DOI = {10.1038/nature06285},
   year = {2007},
   type = {Journal Article}
}

@article{C41-9,
   author = {{Xu, Zhixia and Shi, Jun and Davis, Robert J. and Yin, Xiaoxing and Sievenpiper, Daniel F.}},
   title = {Rainbow Trapping with Long Oscillation Lifetimes in Gradient Magnetoinductive Metasurfaces},
   journal = {Physical Review Applied},
   volume = {12},
   number = {2},
   ISSN = {2331-7019},
   %DOI = {10.1103/physrevapplied.12.024043},
   year = {2019},
   type = {Journal Article}
}

@article{C41-6,
   author = {{Yang, R. and Zhu, W. K. and Li, J. J.}},
   title = {Realization of "trapped rainbow" in 1D slab waveguide with surface dispersion engineering},
   journal = {Optics Express},
   volume = {23},
   number = {5},
   pages = {6326-6335},
   note = {Yang, Rui Zhu, Wenkan Li, Jingjing},
   ISSN = {1094-4087},
   %DOI = {10.1364/oe.23.006326},
   %url = {<Go to ISI>://WOS:000350878500082},
   year = {2015},
   type = {Journal Article}
}

@article{C41-1,
   author = {{Yanik, Mehmet Fatih and Fan, Shanhui}},
   title = {Stopping Light All Optically},
   journal = {Physical Review Letters},
   volume = {92},
   number = {8},
   pages = {083901},
   note = {PRL},
   %DOI = {10.1103/PhysRevLett.92.083901},
   %url = {https://link.aps.org/doi/10.1103/PhysRevLett.92.083901},
   year = {2004},
   type = {Journal Article}
}

%%%%%%%%%%%%%%%%%%%%%%%%%%%%%%%%%%%%%%%%%%%%%%%%%%%%%%%%%%%%%%%%%%%%%%%%%%%
@article{C42-6,
   author = {{Alshaqaq, Mustafa and Sugino, Christopher and Erturk, Alper}},
   title = {Programmable Rainbow Trapping and Band-Gap Enhancement via Spatial Group-Velocity Tailoring in Elastic Metamaterials},
   journal = {Physical Review Applied},
   volume = {17},
   number = {2},
   ISSN = {2331-7019},
   %DOI = {10.1103/physrevapplied.17.l021003},
   year = {2022},
   type = {Journal Article}
}

@article{C42-3,
   author = {{Arreola-Lucas, A. and Báez, G. and Cervera, F. and Climente, A. and Méndez-Sánchez, R. A. and Sánchez-Dehesa, J.}},
   title = {Experimental Evidence of Rainbow Trapping and Bloch Oscillations of Torsional Waves in Chirped Metallic Beams},
   journal = {Scientific Reports},
   volume = {9},
   number = {1},
   ISSN = {2045-2322},
   %DOI = {10.1038/s41598-018-37842-7},
   %url = {https://www.ncbi.nlm.nih.gov/pmc/articles/PMC6372627},
   year = {2019},
   type = {Journal Article}
}

@article{C42-1,
   author = {{Cardella, Davide and Celli, Paolo and Gonella, Stefano}},
   title = {Manipulating waves by distilling frequencies: a tunable shunt-enabled rainbow trap},
   journal = {Smart Materials and Structures},
   volume = {25},
   number = {8},
   pages = {085017},
   ISSN = {0964-1726},
   %DOI = {10.1088/0964-1726/25/8/085017},
   %url = {http://arxiv.org/pdf/1603.01604},
   year = {2016},
   type = {Journal Article}
}

@article{C42-5,
   author = {{De Ponti, Jacopo M. and Iorio, Luca and Riva, Emanuele and Ardito, Raffaele and Braghin, Francesco and Corigliano, Alberto}},
   title = {Selective Mode Conversion and Rainbow Trapping via Graded Elastic Waveguides},
   journal = {Physical Review Applied},
   volume = {16},
   number = {3},
   ISSN = {2331-7019},
   %DOI = {10.1103/physrevapplied.16.034028},
   year = {2021},
   type = {Journal Article}
}

@article{C42-4,
   author = {{Meng, H. and Bailey, N. and Chen, Y. and Wang, L. and Ciampa, F. and Fabro, A. and Chronopoulos, D. and Elmadih, W.}},
   title = {3D rainbow phononic crystals for extended vibration attenuation bands},
   journal = {Scientific Reports},
   volume = {10},
   number = {1},
   ISSN = {2045-2322},
   %DOI = {10.1038/s41598-020-75977-8},
   year = {2020},
   type = {Journal Article}
}

@article{C42-2,
   author = {{Skelton, E A and Craster, R V and Colombi, A and Colquitt, D J}},
   title = {The multi-physics metawedge: graded arrays on fluid-loaded elastic plates and the mechanical analogues of rainbow trapping and mode conversion},
   journal = {New Journal of Physics},
   volume = {20},
   number = {5},
   pages = {053017},
   ISSN = {1367-2630},
   %DOI = {10.1088/1367-2630/aabecf},
   %url = {https://doi.org/10.1088/1367-2630/aabecf},
   year = {2018},
   type = {Journal Article}
}

%%%%%%%%%%%%%%%%%%%%%%%%%%%%%%%%%%%%%%%%%%%%%%%%%%%%%%%%%%%%%%%%%%%%%%%%%%%
@article{C43-1,
   author = {{Zhu, Jie and Chen, Yongyao and Zhu, Xuefeng and Garcia-Vidal, Francisco J. and Yin, Xiaobo and Zhang, Weili and Zhang, Xiang}},
   title = {Acoustic rainbow trapping},
   journal = {Scientific Reports},
   volume = {3},
   number = {1},
   pages = {1728},
   ISSN = {2045-2322},
   %DOI = {10.1038/srep01728},
   %url = {https://doi.org/10.1038/srep01728},
   year = {2013},
   type = {Journal Article}
}

@article{C43-2,
   author = {{Ni, Xu and Wu, Ying and Chen, Ze-Guo and Zheng, Li-Yang and Xu, Ye-Long and Nayar, Priyanka and Liu, Xiao-Ping and Lu, Ming-Hui and Chen, Yan-Feng}},
   title = {Acoustic rainbow trapping by coiling up space},
   journal = {Scientific Reports},
   volume = {4},
   number = {1},
   pages = {7038},
   ISSN = {2045-2322},
   %DOI = {10.1038/srep07038},
   %url = {http://europepmc.org/articles/pmc4229664?pdf=render},
   year = {2015},
   type = {Journal Article}
}

@article{C43-3,
   author = {{Colombi, Andrea and Colquitt, Daniel and Roux, Philippe and Guenneau, Sebastien and Craster, Richard V.}},
   title = {A seismic metamaterial: The resonant metawedge},
   journal = {Scientific Reports},
   volume = {6},
   number = {1},
   pages = {27717},
   ISSN = {2045-2322},
   %DOI = {10.1038/srep27717},
   %url = {http://europepmc.org/articles/pmc4901369?pdf=render},
   year = {2016},
   type = {Journal Article}
}

@article{C43-4,
   author = {{Tian, Zhenhua and Yu, Lingyu}},
   title = {Rainbow trapping of ultrasonic guided waves in chirped phononic crystal plates},
   journal = {Scientific Reports},
   volume = {7},
   number = {1},
   pages = {40004},
   ISSN = {2045-2322},
   %DOI = {10.1038/srep40004},
   %url = {https://www.ncbi.nlm.nih.gov/pmc/articles/PMC5213308},
   year = {2017},
   type = {Journal Article}
}

%%%%%%%%%%%%%%%%%%%%%%%%%%%%%%%%%%%%%%%%%%%%%%%%%%%%%%%%%%%%%%%%%%%%%%%%%%%
@article{C44-2,
   author = {{Chaplain, Gregory J. and De Ponti, Jacopo M. and Aguzzi, Giulia and Colombi, Andrea and Craster, Richard V.}},
   title = {Topological Rainbow Trapping for Elastic Energy Harvesting in Graded Su-Schrieffer-Heeger Systems},
   journal = {Physical Review Applied},
   volume = {14},
   number = {5},
   ISSN = {2331-7019},
   %DOI = {10.1103/physrevapplied.14.054035},
   year = {2020},
   type = {Journal Article}
}

@article{C44-1,
   author = {{Guglielmon, Jonathan and Rechtsman, Mikael C.}},
   title = {Broadband Topological Slow Light through Higher Momentum-Space Winding},
   journal = {Physical Review Letters},
   volume = {122},
   number = {15},
   ISSN = {0031-9007},
   %DOI = {10.1103/physrevlett.122.153904},
   year = {2019},
   type = {Journal Article}
}

@article{C44-3,
   author = {{Lu, Cuicui and Wang, Chenyang and Xiao, Meng and Zhang, Z. Q. and Chan, C. T.}},
   title = {Topological Rainbow Concentrator Based on Synthetic Dimension},
   journal = {Physical Review Letters},
   volume = {126},
   number = {11},
   ISSN = {0031-9007},
   %DOI = {10.1103/physrevlett.126.113902},
   year = {2021},
   type = {Journal Article}
}

@article{C44-4,
   author = {{Ungureanu, Bogdan and Makwana, Mehul P. and Craster, Richard V. and Guenneau, Sébastien}},
   title = {Localizing Elastic Edge Waves via the Topological Rainbow Effect},
   journal = {Physical Review Applied},
   volume = {15},
   number = {1},
   ISSN = {2331-7019},
   %DOI = {10.1103/physrevapplied.15.014057},
   year = {2021},
   type = {Journal Article}
}

@article{C44-6,
   author = {{Wang, Zhennan and Wang, Zhenyu and Li, Houyin and Liu, Zhenzhen and Luo, Jinlong and Huang, Feijie and Huang, Jian and Wang, Xiaoyan and Li, Hui and Yang, Hai}},
   title = {Probing Two Distinct Types of Topological Rainbow Concentrators Related to the Acoustic Valley Hall Insulator in Synthesized Three-Dimensional Space},
   journal = {Physical Review Applied},
   volume = {17},
   number = {6},
   ISSN = {2331-7019},
   %DOI = {10.1103/physrevapplied.17.064002},
   year = {2022},
   type = {Journal Article}
}

@article{C44-5,
   author = {{Yu, Letian and Xue, Haoran and Zhang, Baile}},
   title = {Topological slow light via coupling chiral edge modes with flatbands},
   journal = {Applied Physics Letters},
   volume = {118},
   number = {7},
   pages = {071102},
   ISSN = {0003-6951},
   %DOI = {10.1063/5.0039839},
   year = {2021},
   type = {Journal Article}
}

%%%%%%%%%%%%%%%%%%%%%%%%%%%%%%%%%%%%%%%%%%%%%%%%%%%%%%%%%%%%%%%%%
@article{C45-1,
   author = {Resta, Raffaele},
   title = {Macroscopic polarization in crystalline dielectrics: the geometric phase approach},
   journal = {Reviews of Modern Physics},
   volume = {66},
   number = {3},
   pages = {899-915},
   note = {RMP},
   DOI = {10.1103/RevModPhys.66.899},
   url = {https://link.aps.org/doi/10.1103/RevModPhys.66.899},
   year = {1994},
   type = {Journal Article}
}

@article{C45-2,
   author = {{Fang, Chen and Gilbert, Matthew J. and Bernevig, B. Andrei}},
   title = {Bulk topological invariants in noninteracting point group symmetric insulators},
   journal = {Physical Review B},
   volume = {86},
   number = {11},
   %DOI = {10.1103/PhysRevB.86.115112},
   year = {2012},
   type = {Journal Article}
}

@article{C45-3,
   author = {{Liu, Feng and Deng, Hai-Yao and Wakabayashi, Katsunori}},
   title = {Helical Topological Edge States in a Quadrupole Phase},
   journal = {Physical Review Letters},
   volume = {122},
   number = {8},
   % DOI = {10.1103/PhysRevLett.122.086804},
   year = {2019},
   type = {Journal Article}
}

%%%%%%%%%%%%%%%%%%%%%%%%%%%%%%%%%%%%%%%%%%%%%%%%%%%%%%%%%%%%%%%%%%%%%%%%%%%
@article{r31,
   author = {{Nayak, Chetan and Simon, Steven H. and Stern, Ady and Freedman, Michael and Das Sarma, Sankar}},
   title = {Non-Abelian anyons and topological quantum computation},
   journal = {Reviews of Modern Physics},
   volume = {80},
   number = {3},
   pages = {1083-1159},
   % ISSN = {0034-6861},
   % DOI = {10.1103/revmodphys.80.1083},
   year = {2008},
   type = {Journal Article}
}

@article{r32,
   author = {{Alicea, Jason and Oreg, Yuval and Refael, Gil and Von Oppen, Felix and Fisher, Matthew P. A.}},
   title = {Non-Abelian statistics and topological quantum information processing in 1D wire networks},
   journal = {Nature Physics},
   volume = {7},
   number = {5},
   pages = {412-417},
   ISSN = {1745-2473},
   % DOI = {10.1038/nphys1915},
   % url = {http://arxiv.org/pdf/1006.4395},
   year = {2011},
   type = {Journal Article}
}

@article{r33,
   author = {{Sau, Jay D. and Clarke, David J. and Tewari, Sumanta}},
   title = {Controlling non-Abelian statistics of Majorana fermions in semiconductor nanowires},
   journal = {Physical Review B},
   volume = {84},
   number = {9},
   ISSN = {1098-0121},
   % DOI = {10.1103/physrevb.84.094505},
   year = {2011},
   type = {Journal Article}
}

%%%%%%%%%%%%%%%%%%%%%%%%%%%%%%%%%%%%%%%%%%%%%%%%%%%%%%%%%%%%%%%%%%%%%%%%
@article{r4,
   author = {{Kitaev, A Yu}},
   title = {Unpaired Majorana fermions in quantum wires},
   journal = {Physics-Uspekhi},
   volume = {44},
   number = {10S},
   pages = {131-136},
   ISSN = {1468-4780},
   % DOI = {10.1070/1063-7869/44/10s/s29},
   year = {2001},
   type = {Journal Article}
}

%%%%%%%%%%%%%%%%%%%%%%%%%%%%%%%%%%%%%%%%%%%%%%%%%%%%%%%%%%%%%%%%%%%%%%%%%
@article{r56,
   author = {{Alicea, Jason}},
   title = {New directions in the pursuit of Majorana fermions in solid state systems},
   journal = {Reports on Progress in Physics},
   volume = {75},
   number = {7},
   pages = {076501},
   ISSN = {0034-4885},
   % DOI = {10.1088/0034-4885/75/7/076501},
   % url = {http://arxiv.org/pdf/1202.1293},
   year = {2012},
   type = {Journal Article}
}

@article{r55,
   author = {{Fidkowski, Lukasz and Kitaev, Alexei}},
   title = {Topological phases of fermions in one dimension},
   journal = {Physical Review B},
   volume = {83},
   number = {7},
   ISSN = {1098-0121},
   % DOI = {10.1103/physrevb.83.075103},
   year = {2011},
   type = {Journal Article}
}

@article{r51,
   author = {{Freedman, Michael and Nayak, Chetan and Walker, Kevin}},
   title = {Towards universal topological quantum computation in the $ν=5/2$ fractional quantum Hall state},
   journal = {Physical Review B},
   volume = {73},
   number = {24},
   ISSN = {1098-0121},
   % DOI = {10.1103/physrevb.73.245307},
   year = {2006},
   type = {Journal Article}
}

@article{r58,
   author = {{Greiter, Martin and Schnells, Vera and Thomale, Ronny}},
   title = {The 1D Ising model and the topological phase of the Kitaev chain},
   journal = {Annals of Physics},
   volume = {351},
   pages = {1026-1033},
   ISSN = {0003-4916},
   % DOI = {10.1016/j.aop.2014.08.013},
   % url = {http://arxiv.org/pdf/1402.5262},
   year = {2014},
   type = {Journal Article}
}

@article{r52,
   author = {{Lutchyn, Roman M. and Sau, Jay D. and Das Sarma, S.}},
   title = {Majorana Fermions and a Topological Phase Transition in Semiconductor-Superconductor Heterostructures},
   journal = {Physical Review Letters},
   volume = {105},
   number = {7},
   ISSN = {0031-9007},
   % DOI = {10.1103/physrevlett.105.077001},
   year = {2010},
   type = {Journal Article}
}

@article{r53,
   author = {{Oreg, Yuval and Refael, Gil and Von Oppen, Felix}},
   title = {Helical Liquids and Majorana Bound States in Quantum Wires},
   journal = {Physical Review Letters},
   volume = {105},
   number = {17},
   ISSN = {0031-9007},
   % DOI = {10.1103/physrevlett.105.177002},
   year = {2010},
   type = {Journal Article}
}

@article{r54,
   author = {{Sau, Jay D. and Lutchyn, Roman M. and Tewari, Sumanta and Das Sarma, S.}},
   title = {Generic New Platform for Topological Quantum Computation Using Semiconductor Heterostructures},
   journal = {Physical Review Letters},
   volume = {104},
   number = {4},
   ISSN = {0031-9007},
   % DOI = {10.1103/physrevlett.104.040502},
   year = {2010},
   type = {Journal Article}
}

@article{r57,
   author = {{Sau, Jay D. and Sarma, S. Das}},
   title = {Realizing a robust practical Majorana chain in a quantum-dot-superconductor linear array},
   journal = {Nature Communications},
   volume = {3},
   number = {1},
   pages = {964},
   note = {OA status: gold_doaj},
   ISSN = {2041-1723},
   % DOI = {10.1038/ncomms1966},
   % url = {https://www.nature.com/articles/ncomms1966.pdf},
   year = {2012},
   type = {Journal Article}
}

@article{r59,
   author = {{Wang, Qiyue and Liu, Cheng-Cheng and Lu, Yuan-Ming and Zhang, Fan}},
   title = {High-Temperature Majorana Corner States},
   journal = {Physical Review Letters},
   volume = {121},
   number = {18},
   ISSN = {0031-9007},
   % DOI = {10.1103/physrevlett.121.186801},
   year = {2018},
   type = {Journal Article}
}

@article{r510,
   author = {{Zeng, Chuanchang and Stanescu, T. D. and Zhang, Chuanwei and Scarola, V. W. and Tewari, Sumanta}},
   title = {Majorana Corner Modes with Solitons in an Attractive Hubbard-Hofstadter Model of Cold Atom Optical Lattices},
   journal = {Physical Review Letters},
   volume = {123},
   number = {6},
   ISSN = {0031-9007},
   % DOI = {10.1103/physrevlett.123.060402},
   year = {2019},
   type = {Journal Article}
}

%%%%%%%%%%%%%%%%%%%%%%%%%%%%%%%%%%%%%%%%%%%%%%%%%%%%%%%%%%%%%%%%%%%
@article{C54,
   author = {{Prodan, Emil and Dobiszewski, Kyle and Kanwal, Alokik and Palmieri, John and Prodan, Camelia}},
   title = {Dynamical Majorana edge modes in a broad class of topological mechanical systems},
   journal = {Nature Communications},
   volume = {8},
   number = {1},
   pages = {14587},
   ISSN = {2041-1723},
   % DOI = {10.1038/ncomms14587},
   % url = {https://doi.org/10.1038/ncomms14587},
   year = {2017},
   type = {Journal Article}
}


%%%%%%%%%%%%%%%%%%%%%%%%%%%%%%%%%%%%%%%%%%%%%%%%%%%%%%%%%%%%%%%%%%%%
@article{my_1,
   author = {{Guan, An-Yang and Yang, Zhang-Zhao and Yang, Wen-Jie and Li, Xin and Zou, Xin-Ye and Cheng, Jian-Chun}},
   title = {Classical Majorana - Like Zero Modes in an Acoustic Kitaev Chain},
   journal = {Phys. Rev. B},
   volume = {107},
   number = {},
   pages = {134107},
   ISSN = {},
   year = {2023},
   type = {Journal Article}
}

@article{my_2,
   author = {{Guan, An-Yang and Yang, Zhang-Zhao and Yang, Wen-Jie and Li, Shi-Feng and Zou, Xin-Ye and Cheng, Jian-Chun}},
   title = {Controlling Sound Wave Propagation in Topological Crystalline Insulators and Rainbow - Trapping},
   journal = {Phys. Rev. Appl.},
   volume = {18},
   number = {},
   pages = {044054},
   ISSN = {},
   year = {2022},
   type = {Journal Article}
}

@article{my_3,
   author = {{Guan, An-Yang and Yang, Zhang-Zhao and Zou, Xin-Ye and Cheng, Jian-Chun}},
   title = {Method to Derive the Hamiltonian of Acoustic Topological Crystalline Insulators},
   journal = {Phys. Rev. Appl.},
   volume = {15},
   number = {},
   pages = {064056},
   ISSN = {},
   year = {2021},
   type = {Journal Article}
}

@article{my_4,
   author = {{Yang, Zhang-Zhao and Guan, An-Yang and Yang, Wen-Jie and Zou, Xin-Ye and Cheng, Jian-Chun}},
   title = {Surface Impedance and Generalized Chiral Symmetry in Acoustic Higher - Order Topological Insulators},
   journal = {Phys. Rev. B},
   volume = {103},
   number = {},
   pages = {214112},
   ISSN = {},
   year = {2021},
   type = {Journal Article}
}

@article{my_5,
   author = {{Li, Shi-Feng and Guan, An-Yang and Wang, Chang-Chun and Zou, Xin-Ye and Cheng, Jian-Chun}},
   title = {Pseudospin - Layer Coupled Edge States in an Acoustic Topological Insulator},
   journal = {Appl. Phys. Lett.},
   volume = {122},
   number = {},
   pages = {262203},
   ISSN = {},
   year = {2023},
   type = {Journal Article}
}

@article{my_6,
   author = {{Yang, Wen-Jie and Yang, Zhang Zhao and Guan, An-Yang and Zou, Xin -Ye and Cheng, Jian-Chun}},
   title = {Design and Experimental Demonstration of Effective Acoustic Gain Medium for PT - Symmetric Refractive Index},
   journal = {Appl. Phys. Lett.},
   volume = {120},
   number = {},
   pages = {063503},
   ISSN = {},
   year = {2022},
   type = {Journal Article}
}

@article{my_7,
   author = {{Chen, Jin-Heng and Yang, Zhang-Zhao and Yang, Wen-Jie and Guan, An-Yang and Zou, Xin-Ye and Cheng, Jian-Chun}},
   title = {Experimental Realization of Boundary - Obstructed Topological Insulators Using Acoustic Two - Dimensional Su–Schrieffer–Heeger Network},
   journal = {Appl. Phys. Lett.},
   volume = {120},
   number = {},
   pages = {253508},
   ISSN = {},
   year = {2022},
   type = {Journal Article}
}






















